2580 4088
774 244 859 291 Ov.
889 245 1069 291 Metam.
1098 244 1197 290 Lib.
1227 243 1282 299 V,
1311 257 1357 288 v.
1388 246 1574 287 40-82.
2115 241 2215 289 169

127 389 373 460 Assyrius
410 389 539 443 vidit
572 388 823 457 LycabaS,
860 388 1216 441 iunctissimus
1252 386 1329 439 illi
2166 391 2215 431 oo

130 477 184 530 et
219 490 390 529 comes
427 475 480 528 et
516 472 621 527 veri
656 489 761 526 non
799 473 1150 526 dissimulator
1187 472 1391 536 amoriS,

127 562 403 630 postquam
438 558 767 612 exhalantem
804 558 901 610 sub
941 558 1126 610 acerbo
1162 557 1376 610 vulnere
1411 555 1575 608 vitam

129 644 411 714 deploravit
446 643 626 707 Athin,
665 658 793 710 quos
830 643 917 695 ille
957 642 1244 694 tetenderat
1282 657 1432 694 arcus

128 729 307 798 arripit
343 730 396 781 et
427 723 656 781 ‘mecum
693 727 789 780 tibi
827 727 932 780 sint
969 723 1264 780 certamina‘
1309 726 1456 793 dixit3

123 810 242 867 “nec
276 814 491 880 longum
526 812 673 880 pueri
710 811 817 865 fato
853 812 1129 875 laetabere,
1169 827 1269 879 quo
1306 811 1424 879 plus
2164 813 2215 854 65

125 898 346 952 invidiae
385 913 542 965 quam
578 896 747 949 laudis
784 890 970 949 habes?
1051 897 1178 949 haec
1215 897 1389 949 omnia
1425 894 1656 948 nondum

129 982 341 1047 dixerat,
377 981 590 1034 emicuit
626 997 783 1034 nervo
821 981 1136 1048 penetrabile
1173 981 1337 1033 telum

126 1067 448 1134 vitatumque
486 1069 663 1119 tamen
701 1066 912 1119 sinuosa
950 1068 1089 1119 veste
1127 1066 1386 1135 pependit.

125 1153 280 1205 vertit
313 1152 368 1204 in
404 1151 544 1204 hunc
581 1151 777 1219 harpen
814 1153 1101 1219 spectatam
1138 1151 1294 1203 caede
1329 1150 1578 1204 Medusae

124 1236 503 1289 Acrisioniades
539 1236 802 1303 adigitque
838 1236 892 1288 in
928 1238 1123 1302 pectu8‚
1168 1237 1222 1289 at
1258 1235 1345 1288 ille
2165 1239 2213 1280 70

125 1321 232 1373 iam
267 1322 491 1374 moriens
529 1322 691 1374 oculis
729 1321 825 1374 sub
862 1323 1013 1374 nocte
1049 1321 1351 1374 natantibus
1389 1322 1502 1373 atra

126 1405 490 1474 circumspexit
523 1405 684 1458 Athin
723 1420 880 1473 seque
918 1405 1196 1458 adclinavit
1232 1405 1298 1458 ad
1332 1404 1484 1457 illum

127 1491 180 1543 et
216 1491 337 1542 tulit
373 1491 438 1543 ad
475 1506 655 1544 manes
691 1491 897 1543 iunctae
935 1491 1125 1543 solacia
1161 1490 1357 1542 mortis..

269 1575 402 1628 Ecce
441 1574 696 1643 Syenites,
732 1576 938 1642 genitus
975 1575 1215 1638 Metione,
1252 1575 1484 1627 Phorbas

127 1659 179 1710 et
215 1658 375 1727 Libys
412 1660 805 1728 Amphimedon,
843 1659 979 1712 avidi
1016 1660 1336 1712 committere
1374 1672 1618 1726 pugnam,
2164 1663 2212 1704 75

127 1744 392 1810 sanguine,
430 1760 531 1812 quo
566 1745 670 1797 late
708 1745 863 1797 tellus
901 1743 1193 1796 madefacta
1229 1744 1456 1811 tepebat,

127 1828 458 1881 conciderant
491 1829 650 1897 lapsi:
689 1829 1022 1896 surgentibus
1059 1829 1262 1882 obstitit
1297 1829 1452 1892 ensis,

127 1912 338 1966 alterius
375 1914 544 1980 costiS,
582 1914 760 1981 iugulo
798 1913 1110 1967 Phorbantis
1146 1913 1376 1966 adactuS.

125 1998 182 2048 at
216 2012 320 2049 non
354 1998 632 2051 Actoriden
669 1999 904 2067 Erytum,
941 1999 1026 2052 cui
1061 1998 1169 2051 lat-a
1204 1998 1441 2066 bipennis

125 2081 289 2133 telum
326 2083 450 2146 erat,
486 2083 699 2136 hamato
733 2083 954 2136 Perseus
991 2085 1122 2150 petit
1158 2099 1295 2146 ense,
1333 2084 1423 2135 sed
1462 2083 1582 2134 altis
2161 2086 2213 2127 80

126 2167 415 2219 exstantem
454 2168 617 2235 signis
655 2169 951 2233 multaeque
988 2170 1041 2220 in
1079 2169 1302 2236 pondere
1340 2183 1543 2220 massae

125 2250 392 2318 ingentem
427 2253 671 2306 manibus
707 2253 843 2306 tollit
879 2257 1078 2306 cratera
1116 2254 1317 2306 duabus

267 2422 322 2462 64
350 2422 464 2463 Ilias
491 2424 580 2463 Lat
605 2421 724 2465 284:
749 2415 964 2464 ‘Tecum
994 2424 1129 2464 mihi
1160 2424 1267 2464 sint
1296 2414 1608 2464 certamina‘
1639 2421 1795 2462 dixit.

265 2574 326 2619 60
352 2574 522 2619 licabas
549 2576 623 2619 M
667 2576 682 2630 ΙΙ
733 2575 903 2619 licabas
933 2575 1060 2620 uidet
1112 2577 1443 2621 innectissimus
1472 2588 1509 2631 9
1679 2574 1738 2619 62
1766 2573 2020 2618 exalantem
2061 2576 2118 2618 F
2138 2576 2159 2618 l
2194 2576 2210 2630 fl

125 2657 288 2689 aceruo
319 2646 352 2701 β
380 2645 454 2689 Μ
588 2646 647 2691 63
675 2645 801 2690 athin
831 2647 866 2703 β
898 2646 944 2690 O
973 2649 1032 2703 F,
1063 2647 1206 2691 athim
1237 2649 1276 2691 h
1308 2648 1341 2703 l,
1373 2646 1530 2704 athym
1560 2659 1603 2699 e,
1634 2650 1745 2703 atyn
1775 2660 1803 2700 ς
1831 2645 1968 2700 Plan,
1998 2645 2137 2690 Attin
2165 2646 2214 2691 R

33 2762 42 2777 ⁴,
124 2716 183 2760 64
211 2715 416 2772 Arriplit
458 2721 504 2761 et
531 2717 611 2773 M,
658 2717 869 2774 Arripuit
915 2724 962 2762 et
990 2719 1011 2762 l
1060 2719 1073 2773 ΙΙ
1124 2725 1231 2762 sunt
1268 2719 1329 2762 N
1463 2718 1786 2774 6510ngum(e
1826 2730 1921 2760 seer
1962 2730 2010 2760 m
2042 2716 2086 2769 2>
2131 2719 2212 2772 M,

124 2813 266 2871 longo
296 2829 324 2870 ς
374 2815 389 2869 ΙΙ
438 2827 514 2870 pu.
546 2814 668 2859 efato
698 2815 760 2859 N
803 2816 818 2871 ΙΙ
866 2815 1031 2861 factol
1162 2817 1221 2862 69
1249 2830 1386 2873 arpen
1418 2816 1464 2870 (h
1494 2824 1604 2868 aser)
1635 2817 1699 2867 62)
1734 2817 1795 2860 N
1818 2829 1847 2860 e
1877 2818 1897 2860 l
1946 2817 1961 2872 ΙΙ
2011 2807 2214 2872 spectata

126 2889 164 2939 (·
185 2889 303 2939 eras)
330 2885 413 2940 M,
445 2890 695 2941 spectatum
734 2889 851 2939 (corr
879 2902 925 2931 -m
954 2887 999 2940 2)
1042 2890 1098 2932 F
1261 2888 1317 2932 70
1346 2887 1654 2932 Acrisionides
1684 2889 1722 2931 h
1750 2902 1778 2943 ς
1833 2887 1847 2942 ΙΙ
1901 2887 2106 2944 adiitque
2144 2889 2212 2933 in-

125 2961 306 3012 spectus
336 2956 385 3012 β,
428 2955 631 3012 adiitque
671 2964 720 3013 (g
747 2971 843 3001 aser
874 2972 921 3002 m
949 2958 997 3013 2)
1036 2959 1257 3015 impectus
1284 2958 1358 3002 M
1496 2958 1552 3003 72
1581 2956 1708 3002 athin
1739 2958 1774 3015 β
1808 2957 1854 3000 Ο
1882 2959 1939 3002 F
1957 2958 2007 3015 h,
2054 2958 2147 3003 athi
2178 2961 2211 3018 l,

125 3025 283 3083 athym
328 3037 377 3078 e,
422 3031 532 3084 atyn
576 3027 700 3071 Plan
744 3028 816 3084 A,
866 3028 1006 3073 athim
1051 3042 1115 3084 9,
1159 3029 1298 3073 Attin
1336 3029 1383 3073 R
1431 3029 1446 3084 ΙΙ
1495 3027 1731 3072 inclinauit
1773 3030 1811 3072 h
1853 3044 1881 3085 ς
1930 3030 1944 3084 ΙΙ
1994 3029 2043 3073 in
2085 3029 2211 3074 illum

125 3110 154 3153 ς
182 3097 256 3141 Hs
371 3096 427 3142 73
456 3097 614 3141 mortis
643 3098 731 3150 (uel
759 3099 896 3144 morti
933 3104 1043 3153 secr)
1072 3113 1100 3144 s
1234 3102 1289 3144 74
1318 3101 1517 3157 syenites
1546 3099 1669 3143 Plan
1698 3098 1742 3142 A
1770 3098 1917 3156 vulyo,
1948 3100 2213 3158 sueni(y)tes

125 3166 177 3210 A
205 3166 298 3213 RV
333 3166 348 3222 ΙΙ
385 3167 618 3212 mentione
648 3180 697 3223 9,
742 3170 971 3215 methione
998 3172 1054 3214 F
1075 3186 1102 3227 ς
1133 3171 1267 3227 vulyo
1297 3171 1407 3214 olim
1550 3171 1605 3215 75
1632 3169 1755 3228 lybis
1782 3171 1838 3213 F
1867 3171 1883 3226 ΙΙ
1924 3169 2213 3227 amphimeon

126 3238 160 3294 β
188 3237 261 3281 M
371 3237 428 3281 76
454 3237 590 3282 tellus
610 3237 699 3283 late
719 3239 795 3284 Hs
813 3241 947 3297 vulyo
967 3242 1078 3285 olim
1185 3241 1240 3286 78
1267 3240 1537 3296 phorbantis
1563 3240 1750 3285 adactus
1769 3241 1789 3284 i
1807 3255 1833 3285 r
1862 3242 1921 3285 h2
2026 3242 2082 3286 79
2110 3255 2212 3286 auc·

124 3306 306 3353 toriden
336 3307 357 3350 l
384 3318 427 3360 8,
456 3308 688 3352 astoriden
709 3321 768 3366 p,
799 3311 1046 3356 actoridem
1077 3324 1105 3355 e
1127 3312 1141 3366 11
1164 3319 1340 3369 erytum
1371 3311 1443 3355 M
1467 3310 1657 3365 Merkel,
1695 3309 1888 3368 Ἔρυτον
1926 3310 2055 3358 Plan,
2099 3311 2213 3368 Ery-

125 3418 252 3464 thum
282 3418 342 3476 R,
373 3419 538 3465 ericum
568 3432 608 3473 s,
654 3390 830 3466 hortum
861 3425 920 3475 F,
951 3424 1032 3476 (eri
1062 3424 1082 3468 i
1099 3438 1125 3467 r
1144 3439 1190 3467 m
1210 3423 1349 3474 2)tu1n
1371 3424 1439 3477 N,
1471 3437 1648 3481 cyrrum
1678 3436 1721 3480 e,
1760 3422 1955 3467 Erithon
1986 3423 2061 3467 Hs
2079 3423 2213 3479 vulyo

126 3489 250 3542 olim,
279 3489 454 3534 Erinon
472 3490 621 3535 Bothe
741 3492 799 3537 80
827 3492 1011 3539 hamato
1041 3494 1130 3547 (uel
1159 3500 1310 3538 amato
1339 3497 1448 3547 seer)
1477 3507 1505 3538 s
1533 3495 1682 3550 vulyo,
1711 3499 1867 3539 amato
1899 3494 1958 3547 R,
1990 3500 2214 3544 [ammoto

124 3561 208 3613 Μ,
236 3566 436 3605 ammoto
468 3561 515 3616 β,
562 3562 750 3607 admoto
780 3565 836 3607 F
855 3565 916 3607 N
938 3566 977 3609 h
1007 3566 1027 3608 l
1056 3579 1083 3621 ς
1112 3565 1205 3611 RV
1229 3565 1385 3617 Loers,
1430 3565 1660 3609 admotam
1691 3577 1720 3608 e
1864 3565 1920 3610 81
1949 3566 2214 3622 impondere

125 3631 199 3675 M
228 3632 243 3686 ss
278 3643 544 3687 murraeque
573 3633 620 3675 in
649 3634 853 3689 pondera
881 3649 1032 3680 massa
1060 3635 1271 3689 Merkeffi,
1312 3635 1571 3691 multaeque
1599 3636 1647 3679 in
1676 3636 1881 3692 pondera
1908 3648 2085 3681 massae
2104 3639 2216 3694 post

126 3701 332 3746 Pollium
348 3702 451 3755 (coll
468 3701 551 3746 IX
564 3702 666 3756 629>
678 3718 717 3760 p
749 3704 881 3749 VIII
894 3707 1061 3751 Pascal
