2580 4088
752 205 838 252 Ov.
867 206 1052 255 Metam.
1079 206 1178 253 Lib.
1207 206 1332 263 VIII,
1362 222 1410 254 v.
1441 210 1626 255 61-93,
2129 213 2232 263 289

0 335 16 425 ξ
62 415 63 418 ¹
138 347 227 402 ille
262 347 392 401 mihi
430 349 510 402 est
547 363 674 401 auro
714 349 998 418 pretiosior,
1036 350 1128 403 illa
1163 350 1371 404 beatam

139 446 367 501 purpura
400 447 486 486 me
522 433 729 501 votique
765 434 870 487 mei
906 434 1109 488 factura
1144 432 1439 504 potentem?
2191 450 2238 491 80

280 516 427 570 Talia
462 517 655 571 dicenti
691 533 934 572 curarum
971 519 1200 573 maxima
1235 521 1411 573 nutrix

138 616 240 654 nox
273 601 565 667 intervenit,
602 603 934 672 tenebrisque
972 604 1190 658 audacia
1227 604 1401 659 crevit.

139 685 308 755 prima
343 686 490 755 quies
528 686 722 755 aderat,
759 704 864 756 qua
901 690 1037 743 curis
1074 689 1213 744 fessa
1248 690 1447 744 diurnis

138 772 348 840 pectora
381 787 597 825 somnus
633 772 816 826 habet:
855 774 1116 828 thalamos
1152 774 1412 829 taciturna
1447 777 1691 845 paternos

137 855 299 909 intrat
335 857 389 910 et
422 857 547 920 (heu
582 856 786 911 facinus
796 858 827 922 1)
864 858 1012 912 fatali
1047 861 1173 913 nata
1208 862 1478 929 parentem
2189 873 2238 915 85

137 938 288 993 crine>
313 955 468 994 suum
506 942 693 1010 spoliat
725 943 1018 1011 praedaque
1052 945 1218 1012 potita
1252 945 1479 999 nefanda

137 1022 239 1078 fert
274 1039 453 1079 secum
489 1025 714 1095 spolium
751 1029 932 1082 celeris
967 1044 1340 1098 progressaque
1376 1031 1525 1099 porta

136 1124 228 1178 per
261 1110 460 1164 medios
496 1110 662 1165 hostis
699 1113 892 1176 (meriti
927 1113 1117 1168 fiducia
1153 1116 1303 1168 tanta
1340 1115 1472 1178 esti)

135 1194 368 1262 pervenit
405 1195 469 1248 ad
506 1211 707 1264 regem;
767 1213 925 1265 quem
960 1199 1036 1251 sio
1073 1198 1249 1253 adfata
1283 1202 1560 1268 paventem
1597 1201 1706 1254 est:

271 1272 472 1333 ‘Suasit
508 1295 654 1335 amor
688 1282 916 1336 facinus:
982 1284 1150 1352 proles
1187 1300 1283 1351 ego
1317 1285 1461 1352 regia
1498 1284 1613 1338 Nisi
2185 1297 2235 1339 90

136 1361 311 1432 Scylla
346 1365 444 1418 tibi
479 1366 628 1420 trado
664 1367 964 1436 patriaeque
1001 1384 1247 1436 meosque
1284 1371 1514 1438 penates·

135 1448 367 1516 praemia
401 1450 549 1504 nulla
584 1453 703 1520 peto
738 1453 839 1506 nisi
874 1455 953 1506 te:
1011 1468 1135 1521 cape
1170 1454 1360 1522 pignus
1397 1455 1586 1508 amoris

134 1548 451 1602 purpureum
490 1536 686 1590 crinem
721 1553 819 1591 nec
854 1553 939 1591 me
975 1552 1115 1591 nunc
1151 1539 1354 1592 tradere
1391 1539 1602 1607 crinem,

279 1705 333 1747 85
362 1707 571 1760 Hyginus
590 1708 673 1759 fab
701 1705 795 1749 198
824 1708 1034 1750 Schmidt:
1077 1720 1204 1759 quem
1236 1711 1285 1747 ut
1314 1708 1521 1749 victorem
1547 1709 1720 1759 faceret,
1750 1710 1865 1761 patri
1894 1709 2124 1749 dormienti
2152 1711 2229 1750 fa-

0 1750 7 1783 5
63 1790 66 1793 ’
134 1775 302 1816 talem
331 1776 532 1818 crinem
563 1778 832 1829 praecidit
882 1777 897 1832 ΙΙ
947 1778 1198 1829 (Lactantii)
1227 1782 1394 1832 Arqum
1429 1781 1547 1821 VIII
1561 1781 1644 1831 fab
1671 1779 1718 1821 1:
1749 1785 1799 1820 ut
1828 1779 2035 1821 victorem
2064 1780 2228 1820 hostem

134 1847 295 1888 faceret
322 1846 615 1899 gloriosiorem
650 1849 897 1900 [gloriosum
931 1851 994 1900 01,
1033 1849 1195 1890 crinem
1231 1861 1500 1902 purpureum
1537 1852 1653 1903 patri
1682 1850 1910 1891 dormienti
1941 1851 2123 1892 abscidit
2152 1853 2226 1902 [cr.

133 1929 176 1970 p.
201 1917 382 1959 abscidit
409 1919 594 1970 genitori
623 1920 758 1963 dorm.
792 1921 857 1971 01,
887 1932 974 1972 quo
1004 1921 1120 1961 fata
1148 1920 1284 1972 patris
1313 1922 1653 1964 continebantur.

276 1988 385 2040 Squ
405 1990 661 2032 Priscianus
687 1990 818 2033 V16:
865 1995 916 2032 ut
946 1981 1104 2032 ‘celer'
1133 1991 1421 2032 masculinum
1448 1984 1645 2034 ‘celeris’
1674 1993 1778 2034 facit
1797 1992 2073 2045 femininum,
2102 1994 2227 2034 cuius

66 2047 74 2071 ⁵
135 2061 335 2099 neutrum
378 2059 423 2100 in
461 2072 485 2101 e
528 2060 763 2104 invenitur.
837 2061 1066 2104 Ovidius
1095 2063 1497 2115 metamorphoseon
1526 2065 1657 2107 VIII:
1701 2061 2024 2116 ‘praedaque
2054 2064 2227 2116 potita

0 2132 20 2195 .-
74 2142 77 2147 ·
133 2128 376 2171 nefanda
402 2131 533 2172 Fert
561 2144 743 2173 secum
773 2133 1005 2185 spolium
1034 2133 1243 2174 celeris
1269 2146 1666 2187 progressaque
1694 2129 1886 2187 porta'.

276 2202 329 2243 90
338 2216 387 2253 sq
423 2204 481 2243 In
524 2205 832 2257 Orthoqraphia
868 2207 1076 2246 Rev-neum·
1106 2208 1164 2246 II
1187 2220 1317 2257 quam
1350 2207 1483 2247 edidit
1511 2209 1709 2259 HHayen
1745 2207 1795 2246 in
1830 2207 2053 2247 Anecdotis
2081 2209 2225 2248 Helve-

0 2320 14 2329 Ρ
75 2263 82 2291 3
134 2272 230 2313 licis
258 2273 454 2323 (Gramm
483 2275 636 2315 Latini
665 2276 818 2327 Suppl)
841 2290 875 2327 p
903 2274 1013 2322 297,
1044 2275 1075 2317 4
1097 2281 1199 2328 post
1231 2277 1454 2317 inuenitur
1489 2278 1638 2318 addita
1666 2281 1772 2318 sunt
1806 2279 1903 2318 haec
1930 2278 1978 2318 in
2008 2281 2082 2318 cod
2110 2280 2225 2318 Bern

76 2351 83 2364 ’
132 2344 172 2384 Δ
195 2340 258 2384 92
277 2345 398 2385 sched
419 2343 488 2386 28
495 2355 507 2387 z
553 2345 811 2398 Exemplum
840 2347 894 2387 de
922 2347 1095 2389 suadeo.
1146 2347 1376 2388 Ouidius
1404 2348 1791 2400 metamorphoseos
1819 2347 1865 2387 in
1895 2348 2007 2388 libro
2036 2347 2223 2390 V111¹¹⁰:

89 2431 93 2435 ¹
129 2413 332 2455 ‘Suasit
360 2427 507 2455 amor
535 2415 790 2467 facinus,
820 2418 1007 2470 proles
1046 2430 1137 2470 ego
1168 2419 1316 2470 regia
1344 2419 1466 2459 Nisi
1496 2411 1702 2461 Scilla'.

274 2486 327 2528 92
357 2489 596 2528 Brambach
614 2489 732 2530 inser
751 2491 871 2529 Rhen
891 2487 1017 2530 2031
1039 2507 1093 2522 =
1113 2490 1239 2531 Oarm
1258 2491 1375 2543 epiqr
1395 2488 1493 2531 360
1513 2489 1599 2541 (2):
1631 2501 1756 2541 cape
1787 2489 1983 2541 pignus
2013 2489 2220 2530 amoris.

275 2642 332 2687 79
359 2641 441 2687 Ille
479 2641 591 2686 mihi
627 2643 775 2699 recepi
802 2657 859 2687 eoe
888 2643 949 2686 N
970 2644 1038 2696 X,
1082 2643 1166 2687 Ille
1196 2642 1283 2697 (uel
1312 2641 1391 2687 illa
1417 2649 1528 2694 sacr)
1555 2656 1603 2692 υ,
1645 2640 1730 2685 Illa
1765 2638 1878 2684 mihi
1907 2639 1985 2683 M
2002 2652 2040 2694 9
2068 2638 2223 2686 Burm

87 2734 89 2737 ·
131 2712 267 2769 vulgo
315 2713 330 2770 ΙΙ
379 2711 517 2758 beata
544 2712 591 2758 R
730 2713 788 2759 80
815 2718 1050 2769 potentem
1080 2719 1150 2758 est
1178 2726 1215 2769 9
1244 2727 1272 2769 ς
1407 2712 1460 2756 81
1494 2711 1719 2756 furtorum
1749 2711 1949 2757 maxima
1977 2712 2223 2758 Hellmuth

90 2822 93 2826 ⁴
133 2809 192 2855 82
219 2823 309 2867 que
337 2824 412 2856 om
441 2827 470 2868 ς
581 2812 640 2858 83
669 2770 847 2869 ‹⁸1²curis
875 2813 932 2856 F
1063 2813 1122 2857 84
1151 2812 1354 2868 Corpora
1382 2810 1527 2856 cGoth
1661 2810 1774 2866 858q
1803 2809 1932 2855 fatali
1962 2811 2089 2864 (item
2118 2812 2222 2869 Hy..

132 2881 270 2938 ginus
299 2885 344 2927 et
370 2881 429 2936 L)
460 2882 517 2926 F
537 2895 581 2927 n
607 2884 648 2927 h
675 2884 697 2927 l
724 2896 762 2939 9
790 2898 819 2939 ς
841 2882 922 2928 VA
940 2883 1085 2940 vulqo,
1115 2882 1244 2927 uitali
1272 2897 1306 2926 v
1338 2882 1384 2926 Ο
1413 2894 1443 2926 e
1472 2897 1499 2938 ς
1528 2881 1574 2926 R
1593 2880 1769 2925 Merkel
1804 2882 1818 2936 ΙΙ
1853 2880 1984 2925 uitali
2004 2881 2126 2926 crine
2144 2895 2222 2938 pa-

0 2911 20 2999 Ξ
91 2938 99 2943 ’
134 2957 306 2998 rentem
334 2953 453 2998 Nata
496 2966 525 2998 e
554 2968 582 3010 ς
609 2952 814 3009 eSprotii
953 2954 1008 2999 87
1038 2953 1204 2998 habent
1231 2953 1502 2997 Priscianus
1545 2953 1606 2996 X
1628 2951 1752 2995 Plan
1780 2951 1878 3008 VA,
1922 2965 2017 2996 non
2059 2952 2224 2997 habent

130 3022 242 3076 (add
268 3024 290 3067 i
316 3038 393 3081 ‘my
422 3037 495 3078 m,
525 3024 546 3068 i
575 3024 591 3068 l
618 3025 678 3069 υ2
704 3027 763 3077 n)
790 3039 824 3068 v
857 3024 903 3067 0
931 3024 992 3079 R,
1023 3023 1096 3068 del
1114 3027 1227 3080 post
1254 3023 1504 3068 Heinsium
1534 3023 1604 3080 (cf
1605 3023 1755 3080 praef
1766 3023 1848 3066 ed²
1857 3036 1896 3079 p
1918 3021 2077 3075 XXV)
2097 3022 2221 3067 Mer-

134 3090 206 3138 hel
253 3094 268 3150 ΙΙ
308 3094 489 3139 sceleris
518 3095 611 3147 (sed
629 3096 684 3152 cf
707 3094 811 3139 VII
833 3095 933 3148 647)
953 3096 1009 3139 F
1029 3097 1067 3139 h
1095 3107 1156 3139 m
1183 3106 1225 3139 n
1254 3109 1282 3150 ς
1309 3094 1434 3138 Plan
1463 3093 1506 3137 A
1534 3093 1609 3138 Hs
1636 3093 1771 3150 vulyo
1801 3093 1911 3137 olim
1961 3094 1975 3148 ΙΙ
2024 3094 2221 3150 pretium

110 3163 314 3209 -sceleris
348 3164 448 3217 (coll
478 3164 578 3220 105)
610 3164 821 3219 Bentley,
862 3166 1030 3222 pignus
1059 3165 1240 3211 sceleris
1275 3164 1466 3209 Vollmer
1501 3164 1518 3221 11
1559 3177 1624 3220 pr.
1646 3169 1786 3220 ponte
1816 3176 1876 3208 m
1988 3164 2046 3209 88
2074 3163 2221 3210 hostis

127 3232 203 3291 Ἦ,
231 3233 389 3280 hostes
416 3247 459 3279 n
476 3239 566 3281 cett
582 3236 717 3293 vulyo
756 3237 772 3292 ΙΙ
812 3236 985 3281 meritis
1014 3251 1042 3293 ς
1070 3237 1145 3281 Hs
1172 3236 1309 3293 vulgo
1340 3236 1450 3280 olim
1563 3236 1622 3280 89
1649 3240 1914 3280 trementem
1936 3235 2029 3292 (uel
2050 3248 2220 3291 pauen-

134 3308 227 3350 tem
254 3307 369 3362 secr)
398 3311 469 3351 est
495 3322 536 3363 ς,
566 3312 812 3363 pauentum
845 3312 914 3351 est
942 3307 989 3352 R
1023 3309 1038 3363 ΙΙ
1074 3313 1145 3352 est
1173 3321 1245 3352 om
1265 3306 1436 3351 ecGoth
1458 3309 1501 3352 et
1519 3304 1720 3360 RIaenov,
1741 3306 1815 3350 del
1834 3305 1908 3349 Hs
2021 3305 2081 3350 90
2110 3305 2220 3362 Spa-

0 3366 38 3421 ’,4
106 3374 197 3420 rsit
221 3390 255 3421 v
289 3377 304 3431 ΙΙ
339 3376 488 3432 gloria
516 3378 604 3428 (uel
633 3378 762 3435 regia
789 3392 884 3422 eser
911 3382 959 3431 υ)
987 3379 1062 3422 M.
1082 3393 1129 3432 υ,
1159 3379 1284 3434 regia
1312 3390 1373 3421 m
1400 3380 1446 3422 et
1472 3376 1492 3421 i
1520 3391 1546 3421 r
1572 3390 1615 3421 n
1744 3377 1798 3422 91
1834 3375 1944 3420 Silla
1972 3377 2011 3419 h
2046 3376 2060 3431 ΙΙ
2095 3376 2160 3419 sic
2186 3390 2219 3419 v

107 3445 229 3490 ²Fl
256 3461 285 3502 ς
312 3445 360 3491 R
387 3445 577 3496 Merkel.
618 3447 903 3505 patriamque
932 3449 992 3493 N
1022 3464 1062 3505 ς,
1100 3451 1138 3493 h
1166 3448 1344 3505 patrifft,
1371 3461 1402 3506 θι
1429 3461 1532 3492 corr
1560 3462 1606 3491 m
1634 3448 1677 3502 2,
1707 3460 1732 3492 e
1759 3460 1854 3491 sscr
1881 3461 1928 3491 m
1957 3446 2093 3502 3Jque
2136 3447 2218 3499 M,

281 3503 301 3529 2

133 3505 395 3616 pati-igsque
424 3572 466 3614 e,
495 3560 759 3618 patriosque
787 3575 815 3617 ς
844 3562 919 3605 Η8
948 3561 1080 3618 vulgo
1111 3562 1219 3606 olim
1240 3563 1256 3616 n
1279 3557 1575 3618 παραδίδωμι
1599 3563 1683 3613 τήν
1704 3563 2008 3618 ἐνεγκαμένην
2029 3563 2103 3602 καὶ
2135 3562 2217 3602 τὸν

1692 3630 1728 3665 ra

137 3673 250 3731 δμόν
281 3668 494 3727 θάλαμον
522 3672 645 3718 Plan
758 3674 816 3718 92
843 3674 933 3718 nisi
962 3675 1106 3727 (teir
1126 3688 1169 3718 m
1190 3673 1233 3726 2)
1265 3652 1319 3717 F
1422 3673 1481 3718 93
1509 3672 1646 3729 Purp.
1667 3686 1812 3718 omem
1841 3672 1914 3716 M
1930 3673 1944 3728 ΙΙ
1966 3683 2050 3716 nec
2077 3671 2141 3715 ir
2167 3671 2226 3716 N

222 3746 326 3784 Ovm
350 3749 514 3784 Hanu-
1820 3746 1874 3787 19
