2580 4088
354 238 459 285 200
1009 239 1258 285 Arethusa.
1299 240 1450 285 Pallas
1496 245 1543 285 et
1571 214 1802 286 Arachne.

355 381 583 450 dumque
620 382 802 435 volunt
837 384 1031 452 plangi,
1067 399 1158 451 per
1193 382 1438 435 bracchia
1473 384 1616 436 mota
1651 383 1852 437 levatae
2376 396 2451 438 675

354 472 473 521 aere
510 467 822 536 pendebant,
860 484 1134 520 nemorum
1173 467 1418 532 convicia,
1454 468 1615 536 picae.

494 552 649 604 Nune
686 568 888 620 quoque
929 553 983 604 in
1022 552 1234 604 alitibus
1272 551 1517 605 facundia
1551 553 1722 620 prisea
1758 555 2010 608 remansit

352 652 612 704 raucaque
650 638 930 704 garrulitas
970 637 1307 704 studiumque
1345 638 1555 690 inmane
1593 632 1865 706 loquendi?

494 819 580 864 675
608 819 833 875 Plangere
868 819 1112 876 (Plaudere
1150 819 1326 872 cSulm)
1366 819 1567 876 dumque
1612 819 1775 864 uolunt
1819 820 1841 863 l
1868 833 1905 876 9
1948 820 2107 865 cSulm
2137 836 2165 878 ς
2215 822 2229 878 ΙΙ
2278 827 2390 867 nota
2417 837 2451 867 v

356 890 412 933 F
435 903 475 947 e,
507 893 526 931 1
553 895 679 935 mota
707 904 802 934 secr
830 891 883 935 v¹
913 892 963 936 οἳ
1091 891 1179 937 676
1206 894 1413 944 nemor(u
1441 891 1461 935 i
1487 905 1514 934 r
1542 905 1589 935 m
1618 891 1664 943 2)
1698 890 1760 944 F,
1790 891 1989 936 nemoris
2018 892 2040 934 l
2087 893 2102 948 ΙΙ
2152 892 2354 938 conuitia
2381 893 2455 938 M

756 962 774 987 2

352 1018 436 1063 677
482 1018 611 1062 Nunc
658 986 832 1074 quloque
865 1022 907 1070 (e
938 1021 1055 1072 eras)
1098 1020 1180 1076 M,
1253 1018 1381 1062 Tune
1425 1030 1610 1074 quoque
1654 1032 1707 1074 ep
1747 1019 1836 1063 erit
1873 1019 1934 1063 ad
1970 1018 2077 1062 Har
2106 1033 2145 1075 p
2178 1019 2266 1065 137
2289 1019 2451 1064 Mark-

355 1089 479 1142 land,
510 1089 586 1135 Sic
617 1102 801 1146 quoque
830 1090 890 1133 ad
920 1089 1051 1134 Anth
1080 1089 1177 1134 Lat
1204 1089 1240 1133 Ι
1263 1089 1324 1135 68
1348 1089 1500 1133 Burm
1537 1090 1551 1144 ΙΙ
1586 1089 1672 1133 fae.
1703 1090 1848 1146 prima
1885 1104 1913 1146 ς
2026 1090 2113 1135 678
2149 1089 2351 1135 studium
2381 1097 2453 1136 est

353 1174 382 1206 e
423 1163 436 1217 ΙΙ
472 1161 607 1205 inane
640 1175 667 1216 ς
717 1161 731 1216 ΙΙ
781 1175 832 1204 vv
861 1160 1029 1211 677s78
1054 1175 1149 1205 non
1187 1174 1357 1217 musae,
1402 1160 1481 1204 sed
1520 1163 1679 1216 poetae
1724 1162 1806 1205 dat
1833 1161 1964 1206 Jahn
2014 1161 2028 1216 ΙΙ
2080 1161 2267 1218 Semper
2295 1166 2342 1207 et
2369 1160 2452 1221 hu·

351 1245 510 1277 manas
539 1231 776 1276 imitantur
804 1232 851 1275 in
882 1232 1037 1276 omnia
1066 1245 1205 1277 uoces
1233 1235 1339 1288 post
1366 1231 1455 1277 678
1480 1232 1572 1275 add
1606 1231 1793 1289 Ciofani
1819 1232 1989 1288 cVatie,
2035 1234 2105 1274 ἀεὶ
2144 1237 2219 1275 καὶ
2259 1235 2339 1275 τὰς
2373 1235 2452 1276 ἀν-

355 1304 619 1360 θρωπείους
648 1307 698 1346 ἐν
728 1309 843 1345 πᾶσι
874 1306 1032 1361 φωνὰς
1064 1310 1317 1357 μιμοῦνται
1348 1303 1471 1347 Plan
1832 1303 2162 1349 PERSONAE
2191 1303 2378 1348 LIBER
2406 1303 2450 1350 V

351 1387 667 1433 EXPLICAT
695 1387 863 1444 Incipit
891 1388 958 1434 VI
985 1405 1030 1446 υ,
1076 1379 1303 1434 EXPLIC
1340 1388 1572 1433 INCIPIT
1617 1379 1718 1432 ΕΓΒ
1751 1388 1985 1434 SEXTVS
2028 1389 2194 1445 (rubro,
2239 1389 2304 1433 sie
2339 1389 2452 1447 fere)

353 1461 442 1514 M,
486 1460 724 1505 EXPLIC.
775 1460 825 1504 V.
869 1460 1031 1505 INCIP
1074 1460 1141 1506 VI
1188 1460 1266 1517 N,
1319 1459 1611 1504 EXPLICIT
1654 1459 1840 1504 LIBER
1883 1459 2146 1515 QVINTVS
2176 1492 2188 1504 .
2218 1458 2450 1504 INCIPIT

355 1530 589 1576 SEXTVS
629 1532 662 1583 l,
698 1530 882 1575 LIBER
913 1531 1148 1577 SEXTVS
1182 1543 1225 1586 e,
1264 1545 1345 1575 ‘nec
1373 1531 1643 1587 subscriptio
1672 1544 1753 1575 nee
1782 1531 1949 1576 titulus
1977 1531 2030 1575 in
2059 1534 2159 1576 cett.
