2580 4088
2116 206 2219 253 629

135 354 369 404 editione
403 352 654 403 Raenerii
686 350 757 413 (a.
785 349 948 413 1568)
979 351 1046 400 de
1077 351 1189 415 fide
1221 351 1338 399 eius
1375 349 1633 398 dubitans
1642 344 1661 381 1
1659 346 1687 410 )
1724 348 2005 411 descripsit
2046 364 2222 411 neque

45 448 50 480 ’-
134 439 280 490 notis
306 437 560 486 instruxit
580 434 864 498 (pauculas
886 435 1098 485 addidit
1122 437 1178 484 in
1204 435 1456 485 editionis
1479 434 1680 483 Metam
1711 432 1788 483 Ου
1815 435 1962 483 tomo
1986 435 2047 483 II
2064 436 2224 484 Amst

24 505 54 573 ,ἦ
137 523 277 572 1727
323 518 739 582 PBurmannus)
788 520 1025 570 Thomas
1071 521 1349 570 Muncker.
1417 519 1516 568 sed
1562 520 1895 581 propayatae
1938 522 2070 568 sunt
2118 520 2223 570 hae

135 608 473 657 narrationes
504 605 815 670 fabularum
872 619 984 654 non
1023 607 1343 655 coniunctae
1396 619 1517 653 cum
1577 605 1813 653 carmine
1853 603 2116 653 Ouidiano
2166 607 2221 654 in

39 678 49 716 1
133 691 299 741 altera
338 691 507 740 classe
541 691 817 750 librorum,
857 703 997 751 quae
1035 704 1367 752 quamquam
1408 690 1497 739 illa
1536 690 1706 738 classe
1744 686 1795 738 0
1829 689 2003 738 multo
2039 703 2221 739 recen-

135 777 242 826 tior
285 778 340 826 et
381 775 554 825 multo
598 775 842 835 deterior,
892 776 1071 824 tamen
1127 775 1288 838 plena
1326 777 1379 824 et
1415 775 1622 837 inte9ra
1661 776 1757 823 est.
1819 774 1950 823 hinc
1982 775 2224 836 pendent

133 863 452 924 aryumenta
481 860 794 924 fabularum
823 860 947 909 libri
969 860 1084 908 XV.
1134 862 1350 910 exstant
1382 862 1581 920 autem,
1619 860 1770 921 quod
1791 861 1975 921 sciam,
2016 860 2077 908 hi
2110 860 2221 909 duo

0 913 17 1000 f'
132 946 357 995 codices.

0 1027 15 1046 ⁷
270 1031 610 1079 Parisinus
633 1029 775 1078 8500
800 1028 907 1092 (P),
934 1043 1056 1079 saec
1080 1029 1216 1078 XIV
1232 1030 1482 1092 scriptuS,
1520 1030 1964 1079 membranaceus
1976 1025 2036 1091 2).
2088 1044 2216 1079 con·
2260 1028 2311 1078 P

0 1117 3 1128 “
31 1095 40 1178 f
130 1116 265 1165 tinet
282 1117 412 1178 post
433 1114 778 1178 Fulyentium
816 1115 1032 1176 aliaque
1068 1115 1123 1163 in
1156 1115 1293 1178 folio
1318 1114 1389 1163 57
1402 1127 1468 1176 sq
1493 1113 1602 1176 (No
1627 1112 1721 1176 17)
1756 1115 2054 1164 secundum
2082 1118 2222 1165 cata-

27 1186 37 1226 ·'
129 1201 314 1264 loyum
353 1199 628 1263 Anonymi
665 1200 1042 1249 Enarrationes
1080 1200 1137 1248 in
1176 1199 1485 1263 quindecim
1522 1199 1687 1249 libros
1726 1199 1902 1249 Ovidii
1939 1202 2222 1250 metamor-

126 1286 388 1350 phoseon.
429 1286 485 1334 in
511 1286 629 1347 ipso
647 1286 827 1334 autem
855 1285 992 1334 libro
1012 1286 1350 1347 praemissus
1374 1286 1456 1333 est
1472 1285 1878 1334 narrationibus
1898 1285 1989 1334 hic
2009 1286 2224 1334 titulus:

126 1369 302 1420 Publii
340 1369 519 1419 Ouidii
556 1369 787 1418 Nasonis
836 1369 1334 1434 metamorphoseos
1380 1369 1502 1418 libri
1553 1369 1712 1433 primi
1760 1370 2096 1419 narrationes
2142 1370 2222 1418 in-

8 1515 11 1518 ·
127 1455 352 1520 cipiunt.
386 1455 613 1518 fabulae
638 1455 763 1503 libri
784 1454 891 1503 XV
911 1455 1178 1517 incipiunt
1200 1469 1232 1503 a
1252 1454 1392 1518 folio
1418 1455 1490 1503 68
1507 1469 1554 1503 υ.
1594 1455 1722 1503 dedi
1746 1456 1924 1504 varias
1950 1455 2218 1504 lectiones.

7 1546 33 1605 J
128 1541 254 1590 libri
287 1539 394 1589 XV
418 1540 627 1603 plenas,
667 1541 868 1589 ceteras
898 1541 1124 1602 passim.
1183 1553 1317 1588 usus
1341 1554 1463 1588 sum
1492 1540 1729 1602 imagine
1759 1539 2218 1602 photoqraphica.

268 1626 746 1674 Laurentianus
781 1625 867 1685 90,
894 1626 963 1674 99
987 1622 1092 1686 (L),
1130 1627 1376 1674 servatus
1400 1625 1703 1674 Florentiae
1729 1625 1785 1673 in
1812 1625 1998 1673 eadem
2028 1625 2218 1674 biblio·
2262 1623 2302 1672 L

128 1712 283 1761 theca
321 1711 699 1770 Laurentiana‚
758 1723 897 1771 quae
933 1723 1081 1758 nunc
1116 1709 1284 1759 habet
1321 1710 1518 1758 librum
1543 1710 1902 1759 Marcianum.
1984 1711 2068 1759 est
2103 1723 2219 1759 car-

127 1799 326 1858 taceus,
351 1810 474 1846 saec
497 1795 603 1844 XV
620 1797 846 1844 exeunte
864 1797 1130 1844 exaratus.
1190 1796 1245 1844 in
1265 1810 1306 1857 p
1325 1795 1539 1843 1-238
1564 1795 1764 1844 codicis
1787 1796 2022 1857 scriptus
2040 1797 2123 1844 est
2139 1795 2218 1844 Io-

123 1882 324 1931 hannis
361 1880 636 1931 Boccaecii
673 1879 741 1929 de
778 1879 1025 1930 Certaldo
1063 1880 1143 1929 De
1178 1880 1469 1940 montibUS,
1509 1880 1588 1929 De
1626 1880 1777 1929 siluis
1814 1880 2127 1930 nemoribus
2166 1883 2218 1929 et

121 1966 272 2027 lucis,
311 1966 390 2014 De
414 1964 672 2026 fontibus,
693 1965 772 2013 De
796 1964 1038 2025 lacubus,
1077 1965 1154 2014 De
1179 1964 1514 2026 fluminibus,
1554 1965 1632 2014 De
1659 1964 1966 2028 paludibus,
2007 1965 2074 2014 de
2099 1980 2211 2014 ma-

23 2048 28 2105 s
122 2052 272 2101 ribus
307 2051 457 2099 liber.
502 2052 632 2112 post
660 2050 796 2113 folia
833 2050 1098 2111 quaedam
1139 2064 1307 2111 vacua
1344 2051 1604 2113 scriptum
1645 2052 1728 2099 est
1754 2051 1808 2098 in
1840 2050 1928 2113 fol
1950 2050 2052 2098 241
2082 2049 2214 2099 Celii

120 2135 374 2185 Firmiani
410 2134 669 2184 Lactantii
706 2134 764 2183 in
810 2134 1025 2184 fabulas
1072 2134 1128 2184 P.
1169 2134 1350 2184 Ouidii
1387 2135 1619 2184 Nasonis
1658 2137 1965 2185 comentum
2010 2135 2211 2199 incipit.

114 2221 336 2286 fabulae
374 2220 497 2268 libri
518 2220 625 2268 XV
655 2220 922 2282 incipiunt
955 2234 988 2269 a
1017 2220 1156 2283 folio
1193 2221 1301 2269 282
1338 2235 1384 2269 υ.
1437 2220 1595 2281 tituli,
1651 2222 1748 2282 qui
1788 2223 1921 2269 sunt
1956 2222 2212 2270 continua

119 2307 255 2356 serie
293 2306 349 2354 in
379 2305 563 2368 fronte
600 2305 725 2353 libri
746 2305 861 2366 XV,
898 2305 1119 2366 habent,
1159 2307 1219 2354 ut
1253 2307 1506 2368 expressi,
1544 2320 1800 2355 numeros
1835 2307 1932 2367 qui
1961 2306 2218 2355 dicuntur

119 2392 380 2441 arabicos.
429 2389 662 2452 singulis
691 2390 899 2453 fabulis
934 2391 1150 2439 numeri
1186 2390 1355 2462 latini,
1392 2404 1505 2439 non
1559 2390 1704 2439 tituli
1732 2393 2033 2453 praepositi
2066 2393 2210 2440 sunt.

121 2477 402 2539 descripsit
444 2475 665 2539 fabulas
703 2474 828 2523 libri
861 2475 967 2524 XV
1004 2489 1034 2524 e
1069 2475 1251 2524 codice
1289 2475 1345 2523 in
1383 2489 1563 2524 meum
1605 2490 1763 2525 usum
1803 2476 2214 2540 diliyentissime

119 2562 386 2611 Henricus
422 2561 610 2623 Meyer
642 2560 1001 2609 Florentinus.

19 2711 22 2713 -
261 2645 468 2694 Addidi
491 2645 745 2695 lectiones
764 2646 1005 2707 potiores
1029 2645 1283 2695 editionis
1309 2646 1580 2695 Venetae
1607 2647 1792 2695 tertiae
1816 2645 1870 2708 (a
1892 2645 2139 2708 1486)=
2155 2647 2210 2696 V.
2256 2644 2303 2692 V

49 2774 57 2788 ,.
124 2745 287 2793 quam
311 2731 408 2792 qui
426 2731 634 2779 curavit
651 2730 839 2779 Bonus
858 2730 1151 2779 Accursius
1169 2731 1404 2780 Pisanus
1414 2726 1461 2792 3)
1479 2745 1612 2780 usus
1633 2733 1715 2780 est
1728 2732 1846 2780 sine
1865 2732 2033 2781 dubio
2056 2731 2212 2780 bonis

16 2821 39 2874 ζ
122 2815 398 2865 codicibus
417 2816 471 2864 et
484 2815 685 2864 nostris
705 2813 790 2877 (M
807 2813 867 2863 N
877 2813 943 2876 L)
961 2817 1028 2876 et,
1059 2818 1120 2864 ut
1146 2816 1354 2865 videtur
1379 2814 1459 2879 (cs
1479 2816 1554 2864 ad
1570 2831 1610 2878 p
1632 2817 1752 2877 634,
1774 2817 1844 2865 14
1865 2818 1919 2865 et
1937 2815 2045 2878 15),
2071 2817 2208 2866 aliis.

23 2903 27 2924 ²
263 2900 388 2949 Non
425 2899 793 2949 adhibendam
831 2913 949 2949 esse
979 2902 1175 2962 putavi
1210 2901 1558 2950 editionem
1592 2903 1954 2964 principem
1981 2900 2214 2963 (Patavii

121 2982 302 3046 1476),
349 2985 504 3033 cuius
542 2998 712 3033 unum
750 2984 1023 3047 exemplar
1053 2985 1250 3035 Oxonii
1287 2987 1343 3034 in
1384 2985 1707 3035 bibliotheca
1745 2986 2040 3035 Bodleiana
2080 2986 2213 3035 vidit

15 3071 30 3106 ’ὲ
118 3069 204 3133 (cf
229 3069 461 3132 Ptoleyy
487 3069 627 3117 Trist
652 3070 888 3119 LXXXI
906 3067 1061 3133 not3)
1097 3070 1373 3130 SGOwen,
1411 3070 1638 3119 alterum
1668 3071 1971 3120 Florentiae
1997 3071 2126 3120 olim
2155 3072 2210 3119 in

264 3180 302 3230 1)
333 3181 382 3231 cf
403 3181 537 3230 Praef
562 3181 670 3220 tomi
695 3180 743 3218 ΙΙ
767 3180 979 3231 Mythoyr
1004 3183 1086 3221 Lat
1113 3179 1267 3234 (Amst
1287 3178 1422 3233 1681)
1437 3193 1450 3220 .·
1479 3181 1605 3221 Liber
1637 3184 1782 3221 autem
1812 3183 1988 3231 quintus
2019 3182 2211 3221 decimus

119 3263 175 3291 an
194 3251 282 3291 fide
304 3262 350 3290 se
372 3253 414 3290 et
434 3251 684 3289 auctoritate
709 3251 908 3291 Raenerii
929 3253 1039 3292 tueri
1060 3252 1211 3302 possit,
1231 3251 1386 3291 viderit
1405 3252 1458 3303 ie,
1489 3252 1575 3291 cui
1595 3253 1812 3292 fortuna
1835 3253 1951 3292 eius
1982 3253 2094 3301 aliq
2108 3252 2209 3291 uod

117 3323 213 3363 MS.
243 3321 508 3362 obtulerit
537 3322 830 3370 exemplar.

260 3392 302 3443 2)
332 3392 380 3442 cf
417 3392 469 3431 de
512 3391 596 3430 hoc
641 3392 750 3431 libro
792 3394 899 3432 satis
942 3392 1216 3431 memorabili
1252 3392 1631 3442 pulcherrimeque
1660 3394 1824 3443 scripto
1853 3393 2000 3437 Melot,
2034 3391 2209 3431 Catalol.

119 3464 210 3504 cod.
241 3473 450 3502 manuscr
474 3462 575 3501 Bibl
600 3463 691 3512 Περ
720 3463 833 3502 1744
865 3465 953 3502 tom
973 3464 1032 3502 IV
1048 3463 1131 3502 465
1161 3465 1206 3502 et
1233 3463 1378 3503 Pierre
1408 3464 1460 3502 de
1479 3464 1659 3510 Nolhac,
1689 3464 1923 3512 Pe'trarque
1953 3465 1997 3502 et
2025 3459 2208 3501 l'huma·

118 3531 280 3574 nisme2
307 3534 431 3572 Paris
450 3533 563 3571 1907
589 3545 621 3582 p
641 3534 726 3572 204
734 3545 797 3582 sq.

262 3604 304 3654 3)
336 3614 438 3643 nam
467 3604 531 3642 sic
561 3604 714 3653 incipit
742 3605 978 3655 Praefatio:
1023 3605 1167 3644 Bonus
1196 3605 1429 3644 Accursius
1459 3605 1641 3643 Pisanus
1680 3604 1819 3644 salute
1848 3603 1950 3643 dicit
1979 3603 2210 3653 plurimam

116 3675 346 3723 Magnifice
375 3674 509 3723 equiti
538 3677 687 3713 aurato
709 3676 745 3714 &
767 3676 1089 3724 sapientissimo
1122 3686 1172 3714 ac
1195 3676 1334 3724 primo
1354 3675 1497 3714 ducali
1528 3675 1756 3714 secretario
1778 3674 1933 3714 Ciccho
1964 3675 2206 3715 Simonetae.
