2580 4088
364 193 432 240 34
1300 196 1510 253 Daphne.

360 337 499 390 vieta
533 337 707 390 labore
744 336 915 403 fugae,
952 341 1192 406 spectans
1228 339 1485 392 Peneidas
1521 339 1706 404 undaS,

356 417 455 474 ‘fer
491 417 649 490 pater'
691 422 862 489 inquit
894 417 1080 491 ‘opem,
1118 423 1163 476 si
1199 423 1420 475 flumina
1456 438 1652 476 numen
1689 423 1918 477 habetis!
2380 437 2454 478 545

362 521 464 573 qua
499 507 724 559 nimium
759 508 948 575 placui,
986 508 1236 560 mutando
1273 507 1428 575 perde
1463 508 1686 575 figuram
1700 503 1726 561 Γ
2381 521 2452 563 547

362 588 516 660 [vieta
552 586 726 645 labore
764 591 918 659 fugae
952 587 1209 656 ‘Tellus',
1252 594 1341 659 ait,
1377 587 1554 657 ‘hisce,
1589 593 1673 646 vel
1707 592 1884 661 istam,
2381 605 2453 646 546

357 692 497 743 quae
532 675 672 743 facit
705 680 770 729 ut
807 676 1009 742 laedar,
1048 677 1312 730 mutando
1340 678 1510 744 perde
1543 673 1845 747 fi'yuram'.]
2361 686 2450 731 547·

500 851 581 891 544
596 863 644 900 sq
678 850 792 899 Quae
821 847 977 886 litteris
1005 848 1191 887 cursivis
1210 849 1398 899 expressi
1428 862 1513 889 mm
1542 850 1643 901 legit
1659 850 1916 890 Lactantius
1948 850 2156 890 Placidus
2185 850 2261 900 qui
2289 850 2451 891 dieitur

355 923 403 963 in
446 920 709 973 arqumentis
753 918 1137 968 Metamorphoseon
1175 920 1208 958 Ι
1220 919 1302 970 fab
1323 920 1402 959 IX.
1462 921 1512 971 cf
1547 933 1653 971 quae
1695 921 1791 960 dim·
1833 922 2010 961 Hermes
2042 921 2212 961 XXXX
2225 918 2371 972 19qu
2401 925 2454 962 :et

355 993 634 1045 Appen-dicem
661 990 795 1030 huius
823 989 1035 1028 editionis.

495 1144 701 1199 544s5472
729 1155 843 1197 quae
874 1141 1041 1185 litteris
1069 1141 1260 1185 cursivis
1289 1141 1342 1185 in
1372 1144 1502 1186 textu
1532 1142 1638 1185 dedi
1665 1155 1759 1187 non
1788 1142 1947 1187 habuit
1980 1142 2039 1197 O,
2067 1143 2234 1188 habeut
2261 1144 2322 1187 X
2346 1157 2374 1188 ε
2412 1145 2429 1199 ΙΙ

693 1234 826 1279 vieta
855 1231 1015 1277 abore
1043 1231 1187 1296 rugae.
1211 1212 1723 1305 {5132223312555512253215

694 1339 791 1395 Qua
820 1338 1012 1382 nimium
1043 1338 1191 1394 placui
1243 1332 1808 1390 mutando-ffide-figuffi-

349 1448 462 1490 quae
494 1431 660 1477 litteris
688 1429 1015 1474 minutissimis
1036 1427 1240 1483 expressi
1265 1427 1450 1483 scripsit
1477 1427 1541 1470 ir
1569 1441 1736 1472 manus
1764 1441 1857 1473 non
1886 1429 2032 1473 multo
2061 1431 2293 1487 recentior,
2327 1432 2444 1490 imy

349 1506 454 1549 haec
490 1518 520 1547 a
555 1515 700 1547 manu
735 1499 1046 1544 recentissima
1075 1499 1307 1554 adscripta
1335 1500 1474 1542 sunt:

691 1585 764 1620 Fer
785 1587 891 1628 pater
918 1584 1038 1628 inquit
1059 1593 1164 1627 opem
1188 1583 1218 1617 si
1242 1582 1396 1618 flumina
1417 1593 1555 1618 numen
1578 1583 1724 1619 habetis

690 1641 770 1685 Que
792 1641 885 1676 facit
906 1643 950 1676 ut
972 1641 1100 1676 laedar
1122 1639 1297 1675 mutando
1319 1640 1429 1684 perde
1447 1641 1599 1683 figuram

691 1738 2051 1797 Victalaborefugaelllllllllllllllllll'

704 1810 2043 1869 lllllllllllllllllllllls'lllllll

689 1882 779 1927 vix
806 1894 940 1938 prece
969 1880 1104 1926 finita
1132 1895 1182 1936 sq

348 1972 401 2016 in
429 1983 595 2014 rasura
624 1983 654 2012 a
682 1981 827 2011 manu
855 1967 1026 2011 receuti
1055 1965 1220 2010 litteris
1248 1966 1574 2010 minutissimis
1602 1967 1775 2022 scripta
1803 1970 1916 2012 sunt
1944 1966 2050 2011 haee
2063 1978 2080 2013 .·

1289 2052 1461 2096 spectans
1481 2051 1671 2095 peneydos
1692 2051 1812 2086 undas

690 2109 746 2143 fer
767 2110 872 2151 pater
893 2107 1013 2151 inquit
1034 2117 1139 2151 opem
1163 2107 1193 2142 si
1216 2107 1368 2142 flumina
1388 2117 1525 2142 numen
1545 2107 1692 2143 habetis

691 2176 765 2210 qua
785 2165 937 2200 nimium
960 2164 1086 2210 placui
1107 2164 1222 2199 tellus
1245 2165 1299 2199 ait
1319 2164 1422 2200 hisce
1443 2164 1506 2200 uel
1526 2164 1637 2200 istam

686 2233 757 2267 que
779 2223 872 2257 facit
892 2224 937 2257 ut
958 2222 1061 2257 ledat
1081 2221 1258 2256 mutando
1279 2221 1391 2266 perde
1411 2221 1563 2265 figuram

349 1687 575 1740 sicMss

347 2268 411 2312 sic
440 2268 500 2311 N
544 2270 559 2321 ΙΙ

346 2339 500 2383 Erasa
536 2351 628 2382 esse
663 2337 877 2381 videntur
922 2336 961 2379 si
996 2334 1188 2379 flumina
1224 2347 1393 2379 numen
1429 2333 1609 2379 habetis
1638 2335 1711 2378 M
1742 2336 1782 2379 si
1816 2335 2010 2381 flumina
2051 2350 2220 2383 numen
2257 2337 2442 2384 habetis

347 2410 446 2466 Qua
462 2408 735 2465 —figuram
765 2407 834 2460 N,
867 2409 923 2451 ut
950 2406 1099 2463 fuerit
1126 2406 1179 2450 in
1213 2405 1259 2448 0
1276 2416 1293 2450 .·

687 2492 822 2537 Victa
850 2491 1010 2536 labore
1037 2491 1177 2548 fugae
1206 2491 1244 2535 si
1273 2490 1467 2535 flumina
1494 2504 1662 2536 numen
1692 2490 1872 2537 habetis

692 2563 789 2618 Qua
818 2563 1008 2607 nimium
1037 2562 1186 2619 placui
1215 2562 1437 2607 mutando
1466 2561 1604 2618 perde
1634 2562 1829 2619 figuram

345 2650 400 2707 ef
420 2664 535 2706 quae
563 2648 800 2705 disputavi
828 2648 1025 2692 Hermes
1054 2647 1251 2691 XXXX
1276 2648 1417 2703 195sq
1465 2648 1482 2704 ΙΙ

683 2733 818 2777 Victa
846 2732 1004 2778 labore
1032 2731 1145 2789 fuge
1177 2732 1311 2777 tellus
1341 2733 1406 2777 ait
1434 2731 1557 2777 hisee
1586 2731 1660 2776 uel
1687 2733 1822 2776 istam

688 2804 813 2858 Quae
843 2802 956 2848 facit
982 2808 1035 2847 ut
1062 2803 1189 2848 ledar
1217 2803 1439 2848 mutando
1467 2802 1610 2859 perde
1638 2801 1835 2859 figuram

688 2874 775 2918 Fer
801 2879 932 2930 pater
958 2874 1109 2930 inquit
1138 2887 1274 2930 opem
1302 2874 1342 2918 si
1370 2873 1563 2918 flumina
1589 2886 1758 2917 numen
1786 2872 1966 2917 habetis

687 2944 785 2999 Qua
813 2945 1003 2988 nimium
1032 2945 1183 3002 placui
1212 2944 1432 2990 mutando
1460 2943 1601 2999 perde
1628 2943 1824 2999 figuram

346 3016 410 3046 εκ
440 3015 466 3046 ε
522 3002 537 3057 ΙΙ
686 3056 821 3102 Victa
850 3056 1009 3102 labore
1037 3057 1161 3120 fuge.
1221 3056 1428 3113 spectans
1451 3056 1674 3112 peneidos
1699 3055 1847 3100 undas

688 3127 786 3182 Qua
813 3128 956 3170 nimm
984 3127 1135 3183 placui
1165 3127 1300 3172 tellus
1323 3127 1389 3172 ait
1416 3126 1538 3172 hisee
1565 3130 1617 3171 ul
1644 3126 1735 3171 ista

687 3197 775 3241 Fer
810 3189 892 3253 pai
924 3198 1076 3254 inquit
1104 3204 1192 3254 ope
1221 3197 1259 3241 si
1287 3197 1480 3242 flumina
1508 3199 1617 3242 nuffi
1649 3196 1829 3242 habetis

690 3268 789 3328 Que
813 3268 925 3312 facit
953 3274 1006 3312 ut
1034 3268 1161 3313 ledar
1189 3268 1408 3314 mutando
1438 3268 1529 3322 pde
1559 3267 1709 3325 figura

688 3338 779 3382 Vix
808 3339 895 3394 fiee
924 3338 1060 3383 finita
1087 3354 1137 3394 sq

345 3397 409 3441 sie
439 3398 494 3440 F
537 3397 552 3453 ΙΙ

688 3451 820 3496 Victa
849 3451 1007 3496 labore
1035 3451 1159 3508 fugae
1181 3487 1190 3496 .
1212 3459 1514 3510 spectansque
1542 3451 1779 3509 peneydos
1807 3450 1956 3495 undas
2374 3462 2440 3495 544

687 3522 776 3567 Fer
803 3528 933 3578 pater
960 3522 1114 3578 inquit
1142 3536 1276 3579 opem
1297 3555 1309 3567 .
1329 3525 1369 3568 si
1396 3523 1590 3568 flumina
1617 3535 1787 3566 numen
1817 3521 1998 3565 habetis
2374 3532 2439 3564 545

689 3593 787 3648 Qua
814 3592 1005 3636 nimium
1033 3592 1185 3648 placui
1207 3626 1218 3637 .
1238 3594 1372 3639 tellus
1400 3599 1482 3638 aut
1510 3593 1634 3638 hisce
1654 3627 1663 3636 .
1684 3592 1758 3637 uel
1787 3591 1919 3636 istam
2374 3602 2439 3636 546

688 3665 785 3727 Que
814 3663 926 3708 facit
953 3668 1005 3707 ut
1032 3662 1160 3708 leda-r
1189 3665 1404 3720 [placeam
1433 3664 1557 3718 aliiJ!
1588 3662 1808 3708 mutando
1837 3662 1975 3718 perde
2004 3662 2200 3718 figuram
2356 3671 2439 3707 547⁸
