2580 4088
43 1149 90 1191 ιο

45 1571 93 1613 15

885 233 1024 278 Liber
1051 232 1177 277 XIII.
1207 231 1302 277 fab.
1334 235 1460 276 2—4.
2111 232 2212 280 701

125 380 174 434 ei
214 359 455 439 abstulit;
495 391 652 445 quam
677 375 905 429 Thraces
944 375 1069 429 dum
1105 376 1486 444 persequuntur
1523 372 1674 442 saxiS,
1712 389 1860 426 versa
1885 373 2043 426 estin
2069 375 2212 427 canis

123 464 347 532 figuram
487 461 750 524 Memnon,
772 460 980 513 Tithoni
1018 462 1070 513 et
1095 464 1322 513 Aurorae
1353 459 1506 523 filius,
1531 459 1738 511 Priamo
1763 457 1933 511 ferens
1960 456 2211 511 auxilium
2234 469 2315 519 sab
2346 465 2375 508 3

126 549 191 602 ab
217 547 418 601 Achille
445 544 709 600 occiditur.
758 546 926 597 mater
951 543 1079 612 ergo'f
1097 545 1336 613 precibus
1361 559 1452 612 pro
1478 543 1685 597 assiduo
1705 542 1872 596 officio
1892 542 2214 596 inducendae

126 633 259 687 lucis
306 633 371 686 ab
409 632 528 685 Iove
571 629 833 694 impetrat,
881 630 940 681 ut
982 629 1038 681 in
1085 630 1283 682 cineres
1331 629 1441 681 eius
1480 628 1664 681 adusto
1701 643 1824 695 rogo
1861 643 2059 680 sorores
2097 644 2218 682 oon-

126 718 395 771 vertantur
430 715 484 767 in
521 713 753 767 volucres
791 712 1156 766 Memnonides
1194 713 1418 766 nomine.
1475 728 1606 780 quae
1644 728 1900 765 memores
1937 712 2062 765 belli
2094 728 2216 765 cum

127 800 405 869 quotannis
430 799 496 852 ad
521 797 818 867 sepulcrum
849 797 960 850 eius
981 798 1310 862 conveniunt,
1336 799 1389 851 et
1406 798 1542 850 inter
1561 812 1615 850 se
1632 797 1942 850 dimicantes
1963 796 2215 863 sanguine

125 900 221 938 suo
267 884 510 937 manibus
563 882 674 935 eius
714 881 1007 950 frequentia
1043 884 1320 951 parentant
1358 885 1410 935 et
1444 883 1559 951 ipsa
1594 884 1762 935 mater
1798 882 1909 935 eius
1946 882 2215 934 matutinis

125 969 444 1036 temporibus
479 967 721 1020 lacrimas
759 967 1009 1020 desiderio
1046 967 1140 1019 filii
1177 967 1258 1020 sui
1283 966 1578 1020 Memnonis
1615 968 1933 1019 transmutat
1954 967 2010 1018 in
2034 982 2218 1020 rorem.

127 1053 264 1121 quod
317 1054 495 1106 tamen
549 1053 951 1105 monumentum
1006 1052 1062 1104 in
1111 1052 1340 1120 Phrygia
1390 1051 1661 1105 constituit
1713 1053 1930 1120 patruus
1978 1052 2103 1117 eius,
2157 1054 2217 1105 ut

125 1135 384 1191 Hesiodus
422 1137 534 1190 vult
710 1137 915 1191 Aeneas
961 1152 1083 1189 cum
1126 1139 1271 1205 patre
1308 1136 1535 1189 Anchise
1580 1139 1632 1189 et
1677 1135 1788 1190 filio
1832 1136 2058 1190 Ascanio
2102 1152 2216 1205 pro·
2236 1150 2318 1200 fab
2348 1144 2377 1188 4

125 1222 285 1289 fugus
308 1221 538 1290 Delphos
562 1222 716 1275 venit.
767 1222 853 1274 hic
890 1222 954 1274 ab
994 1222 1139 1285 Ani0,
1175 1221 1440 1274 sacerdote
1462 1221 1729 1290 Apollinis,
1764 1221 2012 1290 recipitur
2047 1222 2217 1290 hospi-

126 1307 213 1370 tio,
258 1307 446 1375 quibus
491 1306 691 1360 indicat
734 1307 964 1374 quinque
1010 1321 1064 1359 se
1120 1304 1353 1359 filiarum
1403 1308 1672 1373 parentem
1730 1307 1914 1359 orbum
1958 1307 2214 1359 relictum.

127 1391 364 1444 Andrum
419 1391 576 1458 enim,
636 1407 667 1444 a
711 1407 812 1458 quo
867 1391 1073 1444 Andros
1128 1391 1316 1454 insula,
1367 1391 1640 1458 reliquisse
1683 1391 1923 1458 patriam.
1990 1391 2116 1444 huic
2159 1393 2219 1443 ut

127 1474 312 1543 Apollo
349 1475 548 1529 dederit
584 1477 877 1542 augurium,
916 1476 991 1528 sic
1021 1476 1271 1528 Liberum
1298 1475 1503 1528 dedisse
1540 1475 1846 1542 virginibuS,
1880 1477 1941 1528 ut
1978 1478 2217 1529 contacta

129 1561 372 1614 manibus
410 1576 589 1614 earum
624 1561 679 1612 in
717 1562 962 1627 segetem,
1010 1560 1190 1613 vinum
1228 1560 1506 1627 oleumque
1551 1561 1888 1613 verterentur.
1938 1576 2042 1633 eaS,
2081 1564 2216 1628 Aga-

127 1661 388 1710 memnon,
425 1646 486 1698 ut
522 1645 734 1699 caelesti
757 1659 972 1697 munere
1012 1644 1298 1697 exercitum
1335 1644 1548 1706 alerent,
1596 1660 1718 1696 cum
1754 1645 1911 1697 vellet
1947 1644 2218 1714 abducere,

126 1730 182 1782 in
217 1730 446 1783 insulam
483 1729 702 1799 eandem
738 1729 952 1782 Andron
988 1729 1297 1797 profugisse.
1349 1729 1472 1782 hine
1508 1744 1688 1782 rursus
1739 1745 1806 1782 ne
1842 1730 2064 1783 vinculis
2101 1731 2219 1782 inli-

127 1815 278 1882 gatae
313 1816 616 1883 raperentur
651 1814 880 1883 potentia
914 1814 1052 1882 regis
1078 1814 1504 1882 AgamemnoniS,
1540 1814 1716 1867 Liberi
1751 1830 1948 1868 numen
1987 1814 2217 1869 effecisse

266 1929 296 1972 1
325 1926 492 1972 obtulit
519 1927 580 1970 N
625 1927 641 1983 ΙΙ
686 1925 892 1970 tharaces
920 1926 982 1969 N
1023 1927 1040 1981 Ι
1089 1930 1384 1981 persecuntur
1412 1925 1526 1970 satis
1564 1925 1610 1970 0

264 1997 563 2042 Mennonides
592 1996 640 2041 in
670 2010 779 2042 aues
802 2000 911 2053 post
937 1997 1027 2042 575
1052 1997 1123 2040 M
1260 1996 1290 2040 2
1318 1996 1533 2041 Memnon
1563 1998 1616 2051 V,
1647 1996 1828 2041 Memno
1855 1998 1934 2053 M,
1964 1997 2098 2043 Meno
2127 1999 2182 2043 N
2203 2000 2218 2054 u

123 2067 338 2126 thythoni
368 2069 446 2126 M,
477 2067 659 2113 tithomi
687 2068 744 2112 N
756 2068 771 2124 ΙΙ
795 2067 848 2124 cf
870 2068 968 2112 Hes
998 2068 1148 2124 Theoy
1178 2068 1265 2113 984
1377 2068 1408 2113 3
1434 2072 1565 2123 pater
1593 2081 1703 2112 uero
1732 2069 1794 2112 N
1900 2070 1929 2113 4
1958 2075 2009 2113 ut
2035 2068 2220 2114 fauillae

123 2140 223 2184 eius
252 2139 319 2184 ad.
351 2140 399 2186 V
506 2141 595 2197 4sq
626 2153 804 2185 sorores
834 2140 913 2196 M,
945 2145 991 2184 et
1021 2153 1201 2184 sorores
1231 2139 1329 2183 eius
1357 2140 1422 2191 N,
1453 2138 1714 2195 pariterque
1744 2153 1833 2185 sor.
1875 2139 1912 2183 V
1953 2141 1967 2196 ΙΙ
2009 2153 2138 2185 conu.
2170 2143 2219 2185 in

123 2252 215 2298 uol.
241 2251 300 2309 0,
329 2253 376 2296 in
406 2252 497 2297 uol.
518 2266 650 2298 conu.
690 2252 881 2311 Vvulqo
967 2253 996 2298 5
1024 2220 1291 2306 meningslies
1311 2252 1382 2295 M
1399 2252 1414 2307 ΙΙ
1437 2252 1526 2297 uol.
1560 2265 1676 2308 quae
1705 2252 2019 2298 memnonides
2033 2253 2219 2298 nomine

1597 2323 1606 2330 .
1701 2323 1709 2330 .
1733 2321 1749 2346 a

125 2378 256 2409 mem.
285 2365 394 2410 belli
422 2366 479 2410 N
618 2367 648 2411 6
677 2370 752 2416 cul
783 2360 875 2419 (cui’
896 2367 952 2410 ie
982 2366 1109 2410 cuius
1138 2367 1317 2410 videtur
1346 2365 1506 2421 fuisse)
1538 2322 1788 2421 ᾳιειιὲξαὲἓηὶ
1816 2366 1898 2416 M,
1928 2366 2055 2410 cuius
2085 2373 2219 2423 quot-

125 2434 256 2480 annis
284 2437 353 2487 N,
385 2439 501 2490 (cum
546 2439 636 2491 om)
667 2443 782 2492 quot
811 2437 941 2480 annis
971 2437 1018 2483 V
1128 2438 1152 2481 7
1187 2437 1285 2481 eius
1314 2450 1387 2480 om
1417 2437 1477 2480 N
1521 2437 1536 2492 ΙΙ
1583 2435 1840 2492 frequentia
1872 2437 1930 2490 0,
1960 2436 2220 2493 frequentes

124 2505 172 2552 V
193 2506 326 2563 vulyo
348 2507 363 2562 ΙΙ
384 2512 625 2563 parentant
652 2508 720 2562 N,
760 2512 923 2564 parent
950 2507 1022 2550 M
1046 2508 1093 2554 V
1173 2507 1202 2551 8
1230 2511 1504 2551 transmutat
1534 2507 1617 2561 M,
1646 2509 1966 2552 transmutauit
1983 2509 2045 2562 N,
2075 2514 2220 2553 trans-

121 2574 291 2621 format
319 2577 366 2623 V
390 2577 525 2633 vulyo
555 2578 665 2621 olim
807 2578 837 2622 9
865 2577 937 2622 cui
957 2581 1113 2622 tamen
1134 2577 1360 2622 Muneker
1406 2578 1422 2633 ΙΙ
1470 2578 1608 2633 frigia
1638 2578 1698 2622 N
1814 2578 1872 2623 10
1900 2578 2129 2624 Hesiodus
2168 2579 2217 2632 V,

123 2646 308 2692 esiodus
336 2648 416 2704 M,
448 2647 601 2692 hesius
631 2648 693 2692 N
736 2649 750 2703 ΙΙ
800 2648 899 2693 uolt
927 2649 989 2692 N
1031 2649 1046 2703 ΙΙ
1086 2651 1200 2704 post
1228 2648 1326 2693 eius
1345 2648 1445 2705 fort
1475 2648 1640 2692 lacuna
1668 2650 1914 2693 statuenda

263 2718 468 2763 Anionis
497 2717 608 2762 filiae
637 2718 685 2762 in
719 2718 905 2763 coli-ibas
925 2722 1037 2775 post
1065 2719 1155 2765 622
1180 2719 1253 2762 Μ
1392 2719 1450 2763 10
1479 2732 1579 2763 cum
1622 2724 1812 2775 parente
1840 2721 1901 2764 N
2038 2722 2094 2765 11
2125 2721 2219 2766 del-

123 2827 242 2884 phos
276 2829 322 2872 0
351 2830 398 2876 V
419 2831 567 2888 vulyo,
604 2831 758 2876 Delon
794 2833 849 2876 ed
888 2831 1028 2877 Colon
1079 2833 1094 2888 ΙΙ
1145 2791 1256 2879 ἓιιιιιίοοὲ
1284 2834 1355 2887 (ab
1385 2847 1488 2879 amo
1519 2834 1601 2878 vix
1631 2832 1812 2888 differt,
1847 2836 2089 2889 propterea
2117 2848 2220 2878 corr

127 2912 175 2942 m
202 2899 246 2952 2)
276 2900 348 2942 Μ
513 2901 571 2946 12
598 2902 783 2955 indicat]
814 2903 969 2948 Anius
997 2918 1054 2960 se,
1100 2905 1196 2949 nisi
1226 2905 1305 2961 qui
1326 2919 1418 2961 pro
1460 2904 1625 2961 quibus
1661 2903 1948 2948 scribendum
1984 2907 2053 2949 est
2099 2906 2113 2960 ΙΙ
2163 2905 2218 2948 fi-

126 2968 288 3015 liarum
340 2971 386 3015 Ο
428 2971 475 3026 V,
517 2972 717 3017 filiorum
763 2974 864 3027 (coll
906 2977 999 3019 met
1037 2973 1183 3019 XIII
1205 2976 1307 3030 645)
1355 2975 1579 3020 Munclcer
1621 2974 1754 3031 vzclyo
1805 2975 1819 3030 ΙΙ
1870 2974 2031 3019 orbum
2076 2976 2137 3020 N
2175 2974 2218 3030 V,

126 3083 308 3140 morbffi
336 3085 356 3129 i
383 3098 410 3128 r
438 3099 485 3128 m
513 3085 558 3139 2)
590 3086 661 3128 M
845 3086 904 3132 13
935 3045 1083 3132 {indta
1112 3088 1185 3131 M
1244 3089 1258 3144 ΙΙ
1324 3089 1458 3141 enim]
1498 3087 1644 3132 filium
1683 3089 1775 3132 add
1821 3088 1958 3144 vulyo
2009 3089 2023 3144 ΙΙ
2072 3089 2219 3134 insula

127 3154 200 3206 (dr
227 3155 248 3199 i
274 3169 298 3199 e
327 3155 492 3200 dicitur
537 3170 633 3200 sser
675 3157 790 3212 m2)
818 3158 898 3211 M,
941 3158 1134 3203 insulam
1172 3159 1232 3203 N
1296 3160 1310 3215 ΙΙ
1380 3160 1588 3216 patriam]
1626 3160 1691 3204 sic
1733 3158 1780 3203 Ο
1815 3159 1867 3214 V,
1906 3159 2079 3204 indicat
2106 3161 2218 3216 imy

916 3229 1051 3263 andro2

128 3267 222 3310 add
248 3279 323 3321 m,
367 3273 521 3312 narrat
548 3267 641 3312 add
669 3269 803 3326 mclyo
852 3271 867 3326 ΙΙ
917 3270 1022 3315 huic
1067 3271 1137 3314 M
1275 3273 1332 3316 14
1363 3272 1542 3317 dederit
1569 3273 1630 3316 N
1662 3271 1711 3325 V,
1757 3271 1946 3328 deder(a
1974 3273 1994 3316 i
2020 3287 2046 3315 r
2075 3287 2122 3316 m
2151 3273 2219 3326 2)t

126 3337 199 3380 M
216 3337 231 3393 ΙΙ
252 3339 291 3381 si
320 3338 382 3381 N
415 3339 430 3394 11
465 3337 601 3389 libers
621 3339 690 3382 M
710 3340 724 3395 ΙΙ
747 3345 977 3385 contracta
998 3343 1058 3386 N
1140 3342 1255 3397 153q
1284 3342 1332 3385 in
1362 3342 1612 3398 uinumque
1634 3342 1890 3399 oleum(que
1910 3342 1981 3386 hic
2003 3345 2092 3396 om)
2121 3344 2183 3387 N
2198 3346 2212 3398 1!

129 3419 206 3451 eas
234 3412 287 3452 ut
315 3409 375 3452 N
419 3409 434 3464 ΙΙ
484 3421 771 3465 agamennon
802 3410 871 3453 M
1002 3411 1059 3456 16
1088 3411 1262 3456 alerent
1293 3412 1340 3456 0
1377 3411 1426 3467 V,
1458 3412 1599 3457 aleret
1629 3414 1721 3466 (sed
1750 3412 1804 3468 cf
1830 3415 1922 3457 met
1950 3412 2089 3457 XIII
2117 3414 2216 3468 659)

128 3478 176 3524 V
198 3478 332 3535 vulgo
382 3479 396 3534 ΙΙ
447 3479 671 3525 adducere
700 3482 760 3525 N
916 3483 971 3526 17
1001 3482 1262 3538 profugisse
1293 3483 1339 3528 V
1361 3482 1509 3539 vulqo,
1539 3482 1764 3539 profug(it
1791 3484 1812 3526 i
1838 3496 1864 3526 r
1894 3497 1940 3526 m
1968 3483 2008 3535 2,
2036 3483 2126 3528 isse
2154 3485 2217 3528 vi-

128 3548 262 3592 detur
290 3548 449 3605 fuisse)
478 3551 558 3603 M,
587 3551 902 3607 profugissent
929 3553 981 3596 N
1122 3554 1235 3608 usq
1265 3553 1441 3608 illigate
1470 3554 1550 3607 M,
1595 3553 1813 3610 illiga(tae
1847 3557 2042 3610 propter
2077 3555 2215 3611 finem

108 3617 276 3662 .lineae
303 3623 391 3672 om)
421 3622 480 3665 N
618 3622 675 3667 18
704 3623 1031 3677 agamennonis
1060 3623 1132 3666 M
1176 3624 1191 3680 ΙΙ
1240 3623 1408 3668 nubem
1440 3626 1500 3669 N
1545 3625 1559 3680 u
1610 3623 1816 3669 effecisse
1843 3625 2021 3680 scripsi,
2062 3625 2218 3671 effecit

130 3688 200 3731 M
225 3689 271 3735 V
293 3690 439 3747 vulqo,
471 3691 668 3737 efficitur
696 3694 764 3747 N,
795 3694 958 3739 dicitur
985 3694 1181 3739 Knaack
