2528 4088
2058 213 2150 251 XXI

78 362 244 423 utque
281 361 394 408 erat
442 360 509 419 et,
571 358 631 407 II
663 358 768 407 249
804 357 1231 421 Termodonque‚
1291 356 1351 405 II
1381 356 1487 404 567
1525 369 1612 404 me
1661 354 1813 418 petiit
1850 354 1968 416 ipsa
2013 353 2151 413 licet,

77 444 161 495 IV
188 444 295 494 562
330 443 609 504 inmeideS,
662 442 762 492 VII
793 444 898 492 260
935 443 1203 503 intinctas,
1253 441 1355 490 VII
1388 441 1485 490 731
1531 439 1680 499 tristi,
1729 439 1813 487 IX
1846 438 1951 487 257
1990 438 2152 498 nolet,

81 528 195 579 XII
223 529 329 578 494
365 528 555 588 rabidi,
592 527 733 576 XIII
763 528 871 577 385
907 528 1149 588 sustinet,
1186 526 1292 576 XV
1324 527 1390 575 77
1428 540 1571 585 suOS,
1609 524 1715 573 XV
1748 524 1850 572 714
1886 523 2153 582 liternum,

78 613 186 664 XV
205 613 309 663 755
343 612 794 675 metridateisque,
831 613 937 662 XV
959 615 1060 662 776
1087 627 1155 662 en
1180 611 1431 676 (fortasse
1455 611 1515 660 II
1533 611 1603 659 47
1627 609 1775 673 petit,
1814 608 1874 671 cf
1890 605 1998 669 44).
2060 608 2158 656 sed

83 712 206 748 cum
231 699 304 747 sit
341 699 658 759 inquinatus
681 698 797 746 suis
824 697 1327 760 interpolationibus
1362 694 1449 758 (ut
1483 695 1516 744 I
1546 695 1650 744 660
1687 707 1833 742 nunc
1871 692 1939 741 de
1977 705 2155 755 grege,

81 783 231 833 1144
250 797 315 845 sq
354 784 406 832 et
442 782 573 830 illud
610 796 697 831 me
735 782 1000 831 tribuente
1026 783 1184 843 fereS,
1221 782 1431 831 111567
1455 779 1765 838 retinacula,
1804 777 1885 827 IV
1902 777 2008 826 493
2032 791 2157 840 pars

81 867 221 918 iacet
264 866 347 929 exs
385 865 645 928 humeris)
698 881 876 929 neque
926 868 1069 916 absit
1120 881 1333 930 semper
1381 866 1619 928 suspicio
1666 862 2155 921 contaminationis,

81 953 311 1002 nimium
350 953 401 1001 ei
436 952 687 1001 tribuisse
726 953 937 1001 videtur
973 952 1186 1002 OKorn.

226 1037 448 1087 Codex
500 1035 920 1100 Erfurtanus
971 1038 1184 1100 colleyii
1217 1035 1572 1099 Amploniani
1622 1047 1849 1083 numero
1885 1032 1919 1082 I
1965 1029 2216 1094 (prior)e

80 1123 345 1186 signatus.
419 1124 502 1171 est
553 1123 756 1171 saeculi
807 1124 905 1172 aut
939 1123 1052 1171 XII
1100 1121 1341 1185 (Merkel,
1381 1118 1550 1182 Grau)
1604 1121 1701 1169 aut
1752 1118 1894 1168 XIII
1940 1112 2156 1179 (Korn).

82 1207 312 1257 contulit
340 1209 471 1270 post
504 1208 820 1256 Merkelium
867 1209 920 1256 et
955 1208 1222 1257 Kornium
1261 1207 1650 1269 descripsitque
1685 1204 1882 1254 RGrau
1893 1198 1954 1266 1),
2003 1202 2159 1250 cuius

83 1292 243 1341 verba
279 1289 339 1354 (p
375 1291 412 1340 5
428 1290 520 1353 sq)
551 1292 858 1354 paullulum
898 1294 1169 1341 contracta
1205 1291 1297 1340 Izic
1328 1303 1632 1354 proponere
1669 1289 1823 1337 libet:
1877 1289 1958 1337 est
1993 1300 2158 1335 mem-

86 1375 399 1438 branaceuS,
436 1376 610 1425 forma
635 1377 886 1437 maxima,
926 1379 1135 1426 constat
1172 1376 1239 1425 58
1265 1376 1409 1425 foliis
1445 1376 1536 1435 ita,
1574 1376 1634 1423 ut
1671 1373 1920 1437 quinque·
1949 1372 2159 1434 quater-

82 1461 276 1511 niones
302 1461 400 1523 (fol
421 1461 447 1510 1
481 1462 510 1510 7
538 1462 603 1510 15
631 1461 698 1510 23
726 1461 832 1523 31),
860 1477 1087 1525 quorum
1106 1462 1263 1525 primi
1283 1461 1390 1510 duo
1410 1461 1541 1510 folia
1558 1459 1767 1521 (versus
1792 1458 1814 1506 I
1840 1453 2013 1506 608!ss
2033 1455 2158 1515 227)

83 1546 374 1610 perierunt,
414 1546 813 1609 subsequantur
849 1546 957 1595 duo
996 1546 1284 1609 quiniones
1322 1544 1421 1606 (fol
1459 1544 1525 1593 39
1564 1543 1671 1604 49).
1746 1556 1935 1591 versus
1972 1541 2030 1589 in
2066 1554 2159 1603 pa-

82 1632 225 1695 ginis
265 1631 527 1695 bipertitis
566 1632 746 1695 scripti
785 1634 910 1681 sunt
948 1631 1177 1691 centeni,
1226 1631 1324 1680 sed
1360 1630 1497 1679 tituli
1533 1628 1867 1691 singulorum
1903 1626 2159 1674 librorum

82 1716 242 1766 binos
260 1730 447 1766 versus
467 1717 699 1780 explent.
728 1716 988 1780 scriptura
1012 1718 1093 1765 est
1111 1716 1319 1764 minuta
1339 1715 1638 1777 eademque
1659 1712 2058 1776 elegantissima
2076 1747 2088 1758 .
2112 1747 2124 1758 .
2148 1747 2158 1757 .

91 1801 419 1865 scripserunt
464 1801 704 1851 codicem
753 1802 1055 1865 complures
1091 1801 1320 1850 librarii:
1370 1800 1575 1864 primus
1614 1798 1854 1862 quinque
1892 1794 2162 1860 quaterni-

83 1900 249 1936 onum
286 1887 490 1935 textum
541 1886 751 1950 scripsit
786 1901 960 1950 usque
1004 1886 1075 1935 ad
1110 1886 1181 1935 XI
1219 1885 1320 1934 126
1348 1923 1360 1934 .
1389 1923 1401 1934 .
1430 1923 1442 1934 .
1482 1885 1630 1945 alter,
1688 1883 1780 1947 qui
1818 1882 2010 1932 eodem
2046 1880 2160 1929 fere

82 1970 375 2020 litterarum
414 1970 578 2021 ductu
601 1985 733 2020 usus
759 1973 855 2032 est,
895 1972 1091 2021 desinit
1114 1971 1229 2020 XIII
1252 1970 1356 2020 437
1384 2009 1394 2020 .
1417 2007 1428 2019 .
1452 2007 1464 2019 .
1492 1970 1561 2019 ab
1586 1969 1671 2019 his
1695 1967 1908 2018 duobus
1932 1965 2161 2016 librariis

83 2054 246 2119 plane
284 2055 496 2105 diversa
522 2058 603 2106 est
628 2056 887 2121 scriptura
925 2057 1064 2106 tertii
1090 2052 1210 2122 (e2)‚
1250 2056 1343 2120 qui
1367 2058 1694 2120 postremam
1731 2053 1931 2104 codicis
1955 2053 2162 2116 partem

82 2140 294 2205 scripsit
330 2143 382 2191 et
416 2141 558 2198 hanc
596 2141 1042 2206 subscriptionem
1081 2141 1308 2191 addidit:

421 2238 541 2288 Expl.
572 2239 647 2279 lib.
705 2239 846 2279 Ovidii
890 2240 1031 2279 Publii
1081 2240 1266 2279 Nasonis
1317 2238 1722 2287 metamorphoseon
1771 2236 1801 2277 i.
1847 2247 1883 2276 e.
1930 2235 1984 2274 de
2027 2238 2163 2274 trans-

336 2310 571 2349 mutatione

531 2381 692 2420 Versus
722 2381 922 2421 millenos
951 2381 1019 2421 bis
1049 2393 1128 2421 sex
1156 2381 1203 2420 in
1231 2381 1379 2420 codice
1409 2381 1591 2430 scriptos

623 2452 708 2491 Sed
737 2454 803 2491 ter
831 2452 1022 2502 quinque
1052 2452 1196 2492 minus
1225 2452 1404 2492 contulit
1433 2452 1605 2491 ouidius

0 2551 1 2554 ¹
83 2532 177 2582 hic
214 2534 353 2584 idem
410 2537 662 2588 librarius
700 2540 755 2588 in
790 2540 970 2602 priore
1017 2541 1173 2602 parte
1219 2539 1418 2589 codicis
1472 2539 1643 2588 multa
1690 2537 1932 2595 correxit,
1990 2533 2165 2583 varias

87 2618 355 2682 lectiones,
389 2622 618 2685 ylossa8‚
673 2625 913 2686 notulas,
967 2625 1291 2674 scholiorum
1343 2624 1621 2673 dimidiam
1672 2624 1883 2686 partem
1938 2618 2162 2669 addidit.

85 2702 253 2754 habet
286 2707 429 2755 enim
468 2708 635 2757 codex
669 2710 840 2759 multa
876 2710 1077 2760 scholia
1109 2711 1310 2773 partim
1364 2710 1434 2759 ab
1479 2709 1584 2758 hoc
1620 2708 1854 2767 librario,
1892 2705 2092 2768 partim
2131 2717 2164 2752 a

85 2802 253 2838 manu
289 2792 449 2841 etiam
497 2795 789 2844 recentiore
830 2796 1045 2858 scripta.
1118 2809 1181 2844 ac
1217 2796 1348 2844 sunt
1381 2808 1444 2844 ea
1479 2794 1677 2843 similia
1713 2791 1929 2842 scholiis
1966 2788 2165 2839 codicis

67 2872 430 2926 *Monacensis
465 2878 605 2927 4610
650 2878 735 2943 (cf
761 2895 927 2943 supra
969 2896 1010 2944 p
1053 2876 1221 2942 VII5),
1270 2894 1382 2929 non
1431 2879 1629 2928 similia
1666 2877 1914 2927 Lactanti
1961 2873 2168 2924 Placidi

86 2961 502 3011 narrationibus.
577 2965 744 3014 codex
780 2967 893 3028 ipse
930 2967 986 3015 in
1023 2966 1189 3026 libris,
1227 2966 1478 3027 quisunt
1513 2964 1701 3013 classis
1724 2962 1792 3023 X,
1832 2960 2062 3023 insignis
2086 2961 2169 3009 est

87 3042 351 3106 eleyantia
389 3049 663 3098 orationis.
736 3052 1030 3100 rectissime
1066 3052 1209 3100 enim
1247 3051 1314 3099 de
1349 3064 1412 3099 eo
1437 3050 1574 3099 dixit
1609 3051 1663 3097 in
1682 3047 1847 3112 praef
1874 3040 1973 3096 ed1
1993 3060 2034 3108 p
2059 3045 2173 3093 XII

87 3126 370 3180 RMerkel:
405 3131 751 3196 dignissimus
776 3135 927 3198 liber,
967 3150 1129 3199 quem
1167 3135 1406 3185 studiose
1430 3134 1769 3198 pervestiget,
1808 3133 1853 3182 si
1886 3133 2007 3196 quis
2044 3132 2164 3181 aevi

87 3211 230 3263 illius
286 3216 641 3268 eruditionem
697 3222 750 3270 et
802 3221 1162 3286 interpolandi
1217 3220 1488 3270 licentiam
1543 3232 1868 3283 cognoscere
1920 3217 2162 3267 voluerit.

89 3310 423 3361 quamquam
478 3305 532 3352 et
586 3306 699 3367 ipse
752 3308 806 3356 et
841 3308 939 3369 qui
966 3309 1096 3370 post
1145 3320 1267 3355 eum
1324 3305 1558 3355 codicem
1607 3304 1935 3354 examinavit
1967 3302 2163 3351 RGrau

87 3382 318 3433 nimium
356 3387 408 3435 ei
454 3388 508 3436 in
548 3391 693 3439 textu
741 3393 1116 3441 constituendo
1155 3391 1472 3440 tribuerunt.
1544 3405 1671 3439 nam
1711 3403 1850 3451 quas
1903 3388 1994 3437 hic
2030 3401 2163 3436 enu-

92 3470 263 3517 merat
295 3468 354 3532 (p
378 3471 449 3520 29
463 3471 553 3535 sq)
572 3475 839 3536 plurimas
865 3477 1117 3526 lectiones
1156 3455 1432 3539 tamquam
1462 3490 1613 3525 veras
1641 3475 2033 3538 yenuinasque,
2072 3485 2165 3520 eae

90 3553 324 3603 maxima
374 3569 440 3605 ex
469 3561 624 3620 parte
680 3561 1043 3629 interpolatae,
1101 3563 1240 3610 certe
1268 3562 1458 3625 falsae,
1516 3563 1718 3610 ceterae
1749 3572 1923 3622 paene
1977 3570 2165 3606 omnes

240 3679 281 3735 1)
314 3686 377 3724 De
409 3686 550 3726 Ovidii
578 3687 983 3737 Metamorphoseon
1013 3687 1158 3726 codice
1187 3686 1476 3736 Amploniano
1494 3688 1649 3736 priore.
1710 3686 1822 3724 Diss.
1855 3683 1948 3723 Hal.
1982 3682 2105 3721 1892.
