2580 4088
729 162 814 208 Ov.
844 164 1024 209 Metam.
1053 162 1152 208 Lib.
1182 161 1240 215 11,
1270 175 1316 210 v.
1348 164 1429 205 508
1448 164 1585 205 —550.
2134 163 2199 209 73

43 357 45 361 ,
121 305 355 360 conlocat
388 305 445 358 in
479 305 712 358 thalamo
748 319 1084 373 socerumque
1121 303 1361 373 Lycaona
1397 300 1592 357 sumit?

38 438 42 439 ff
119 391 176 444 at
210 405 299 443 vos
336 390 381 443 si
416 390 587 443 laesae
625 389 798 457 tangit
834 392 1162 459 contemptus
1199 390 1455 453 alumnae,

118 474 323 542 gurgite
360 474 595 527 caeruleo
632 475 832 542 septem
869 474 1134 542 prohibete
1170 474 1365 527 triones

118 558 388 626 sideraque
424 558 480 610 in
516 558 673 623 caele,
710 559 875 626 stupri
910 559 1161 623 mercede,
1196 559 1404 626 recepta

0 671 18 742 ᾗ
117 642 312 712 pellite,
350 658 415 696 ne
452 658 580 711 puro
617 643 848 710 tingatur
882 643 939 695 in
977 656 1199 710 aequore
1236 638 1460 711 paelexl'
2130 649 2201 689 530

11 727 13 730 ⁴
258 727 327 780 Di
361 728 521 780 maris
558 726 871 780 adnuerant:
908 727 1069 780 habili
1107 727 1347 780 Saturnia
1383 742 1537 779 curru
2233 739 2402 780 Corvus.

115 811 405 880 ingreditur
438 812 696 879 liquidum
732 813 1016 880 pavonibus
1055 813 1266 865 aethera
1299 812 1468 880 pictis,
2231 796 2416 893 ἓξὲξ

117 898 228 950 tam
262 912 428 964 nuper
462 896 616 964 pictis
653 911 802 949 caeso
838 897 1124 964 pavonibus
1159 895 1321 963 Argo,
2228 884 2400 961 Ocyroes

117 996 279 1050 quam
315 983 375 1033 tu
411 996 576 1049 nuper
613 996 741 1044 eras,
777 996 897 1033 cum
934 980 1185 1033 candidus
1220 983 1340 1033 ante
1377 979 1582 1044 fuisseS‚

115 1081 263 1120 corve
299 1065 501 1134 loquax,
538 1065 709 1118 subito
745 1065 1000 1132 nigrantis
1036 1081 1214 1118 versus
1251 1066 1306 1117 in
1344 1065 1470 1117 alas.
2129 1071 2200 1111 535

113 1167 238 1204 nam
275 1149 375 1203 fuit
410 1151 538 1203 haec
575 1150 836 1218 quondam
872 1151 1036 1203 niveis
1074 1152 1319 1218 argentea
1351 1149 1534 1218 pennis

115 1236 237 1300 ales,
272 1237 334 1288 ut
368 1238 615 1302 aequaret
648 1237 785 1288 totas
823 1235 933 1288 sine
969 1236 1087 1288 labe
1125 1235 1408 1298 columbas,

112 1335 212 1373 nec
247 1320 526 1373 servaturis
562 1320 705 1387 vigili
741 1319 995 1388 Capitolia
1030 1335 1153 1373 voce

114 1404 320 1458 cederet
356 1405 625 1458 anseribus
661 1420 758 1458 nec
795 1405 993 1457 amanti
1029 1403 1248 1456 flumina
1286 1419 1467 1471 cygno.

112 1488 294 1556 lingua
330 1488 431 1541 fuit
469 1489 683 1555 damn03
719 1489 901 1555 lingua
936 1487 1159 1540 faciente
1184 1486 1401 1554 'loquaci
2127 1495 2198 1534 540

114 1574 203 1640 qui
240 1573 376 1626 color
413 1573 562 1626 albus
599 1575 722 1637 erat,
760 1588 901 1625 nunc
937 1577 1017 1624 est
1052 1572 1340 1624 contrarius
1377 1571 1510 1623 albe.

253 1658 523 1710 Pulchrior
556 1658 612 1710 in
647 1659 757 1710 tota
795 1671 952 1723 quam
989 1656 1233 1708 Larisaea
1269 1653 1483 1709 Coronis

109 1758 216 1796 non
251 1741 352 1795 fuit
385 1741 696 1795 Haemonia:
733 1741 931 1809 placuit
965 1740 1076 1803 tibi,
1113 1740 1377 1807 Delphice,
1414 1739 1567 1803 certe,

111 1827 238 1880 dum
272 1827 354 1880 vel
390 1827 535 1879 casta
570 1825 670 1879 fuit
704 1825 787 1878 vel
821 1825 1165 1888 inobservata,
1201 1824 1293 1877 sed
1331 1824 1438 1876 ales

41 1919 46 1923 “
109 1911 274 1966 sensit
308 1912 623 1965 adulterium
659 1911 965 1972 Phoebeius,
1003 1912 1164 1978 utque
1201 1910 1453 1963 latentem
2126 1917 2197 1956 545

108 1997 371 2065 detegeret
406 1996 628 2065 culpam,
664 2012 768 2049 non
804 1996 1074 2048 exorabilis
1110 1995 1278 2062 index,

108 2082 175 2136 ad
212 2082 480 2135 dominum
517 2081 765 2134 tendebat
798 2081 911 2134 iter.
986 2095 1142 2147 quem
1181 2080 1389 2147 garrula
1424 2078 1580 2132 motis

107 2167 440 2235 consequitur
475 2167 676 2232 pennis,
713 2166 930 2219 scitetur
964 2167 1025 2218 ut
1061 2165 1250 2228 omnia,
1287 2164 1474 2227 cornix,

7 2323 11 2325 -
105 2251 385 2319 auditaque
420 2251 534 2304 viae
572 2266 731 2303 causa
763 2245 888 2303 ‘non
925 2250 1052 2302 utile
1090 2244 1269 2316 carpis'

102 2335 276 2404 inquit
306 2331 448 2390 ‘iterz
488 2351 555 2389 ne
592 2351 776 2404 sperne
812 2350 961 2388 meae
996 2334 1267 2402 praesagia
1301 2334 1527 2401 linguae.
2122 2338 2194 2377 550

19 2596 22 2597 ⁷
242 2531 331 2576 526
361 2529 814 2588 Conlocat—lycana
842 2544 870 2574 ε
898 2529 913 2586 ΙΙ
943 2535 1258 2584 socerumque
1286 2527 1380 2571 add
1408 2541 1455 2570 m
1475 2526 1519 2580 3)
1550 2527 1571 2570 Ζ
1592 2526 1606 2581 ΙΙ
1628 2526 1766 2570 sumit
1794 2539 1822 2570 ε
1850 2537 1879 2569 e
1909 2526 1929 2569 l
1958 2539 1997 2581 ς,
2029 2526 2195 2574 sum(at

19 2653 22 2655 ,
102 2601 125 2647 i
151 2615 179 2646 r
205 2601 318 2655 m2)
347 2601 429 2654 Μ,
460 2606 610 2645 sumat
637 2602 699 2644 N
720 2603 776 2644 F
796 2603 835 2645 h
864 2616 892 2656 ς
921 2601 997 2645 Hs
1157 2599 1242 2643 527
1273 2602 1529 2642 contemtus
1567 2596 1717 2652 tangit
1746 2610 1773 2651 ς
1802 2595 1877 2639 Hs
2031 2595 2119 2639 529
2146 2595 2193 2636 in

102 2671 228 2718 caelo
257 2685 285 2716 ε
312 2672 374 2716 N
396 2685 424 2727 ς
457 2690 493 2713 ω
515 2671 591 2716 Hs
610 2671 757 2728 vulyo,
788 2671 838 2714 in
869 2671 1041 2715 caelum
1071 2671 1144 2714 M
1167 2670 1223 2712 F
1243 2681 1279 2723 9
1309 2670 1358 2724 ς*
1387 2680 1414 2711 s
1433 2667 1558 2711 Plan
1577 2667 1707 2712 Jahn
1746 2667 1760 2721 ss
1798 2665 1943 2721 stupri
1963 2665 2050 2718 (uel
2072 2665 2192 2720 turpi

39 2740 42 2741 ⁷
99 2748 210 2797 saer)
238 2743 442 2799 cSprotii
582 2741 670 2787 530
697 2755 781 2786 nec
810 2756 924 2798 puro
954 2754 982 2785 s
1018 2743 1031 2797 ΙΙ
1069 2740 1297 2796 tinglatur
1325 2740 1346 2782 Ζ
1489 2738 1571 2782 531
1606 2737 1715 2793 agili
1745 2737 1971 2792 probante
1999 2734 2192 2817 Hginsio

7 2850 42 2919 ᾗ
101 2853 429 2908 cGraevianus,
477 2853 651 2899 uolucri
670 2853 730 2911 R,
778 2854 932 2899 hilaris
952 2854 1071 2910 prob
1103 2852 1380 2896 Burmanno
1418 2850 1594 2894 cMedie
1741 2849 1828 2894 532
1856 2807 2049 2904 pauorli}
2068 2848 2141 2891 M
2177 2847 2192 2906 ss

100 2923 284 2971 aethera
327 2938 355 2969 ε
386 2924 432 2968 0
464 2926 504 2969 h
532 2939 573 2981 ς,
618 2938 723 2970 aera
765 2927 822 2968 F
841 2937 870 2968 e
901 2926 921 2968 Ζ
948 2937 1010 2968 m
1058 2925 1072 2979 ss
1115 2923 1249 2979 pictis
1278 2926 1380 2978 (pro
1414 2920 1579 2964 iunctis
1608 2934 1702 2964 sscr
1730 2934 1777 2963 m
1795 2920 1842 2970 2)
1872 2922 1923 2972 h,
1972 2919 2137 2963 iunctis
2165 2933 2193 2974 ς

97 3009 186 3056 583
212 3009 309 3054 Iam
339 3022 366 3053 ε
466 3009 557 3054 534
586 3008 811 3062 Quantum
834 3022 873 3065 ε,
906 3008 1050 3061 Quam
1073 2984 1126 3052 tn‘}
1150 3006 1394 3063 (vir-qulam
1423 3005 1514 3048 add
1535 3018 1582 3048 m
1601 3003 1646 3058 2)
1674 3004 1747 3047 Μ
1789 3005 1803 3059 ΙΙ
1846 3009 1897 3048 tu
1916 3018 1939 3047 s
1961 3003 2087 3047 ladd
2109 3003 2149 3046 Ζ2
2178 3005 2192 3060 Η

51 3124 53 3126 ,
101 3090 237 3136 quam
266 3080 388 3136 (corr
415 3094 463 3123 m
481 3079 531 3135 2)
576 3079 797 3124 candidus
825 3079 888 3123 N
1072 3079 1159 3124 535
1187 3078 1410 3133 nigrantis
1454 3076 1529 3132 N,
1578 3075 1813 3131 nigrantes
1840 3086 1883 3118 n
1924 3076 2014 3118 cett
2058 3073 2191 3129 mclyo

53 3147 61 3152 ’
97 3148 184 3196 ωΒ
212 3154 471 3194 seruaturus
499 3163 527 3194 ε
649 3150 738 3195 539
766 3163 941 3208 eyncno
971 3164 1011 3206 ε,
1043 3151 1175 3206 cigno
1205 3148 1278 3192 M
1386 3146 1474 3191 540
1499 3146 1630 3202 ligna
1658 3146 1795 3199 (corr)
1825 3147 1881 3188 F
1984 3145 2068 3189 541
2106 3143 2191 3188 Cui

97 3219 220 3266 color
246 3232 275 3264 s
318 3218 491 3264 ccG'oth
524 3219 785 3278 Myttianus
813 3219 1000 3265 Rhenov
1028 3219 1180 3264 Burm
1209 3218 1343 3274 vulyo
1375 3218 1484 3262 olim
1527 3215 1543 3275 ss
1590 3216 1837 3262 contrarias
1881 3217 1997 3268 (corr
2016 3229 2063 3258 m
2091 3214 2134 3266 2)
2165 3228 2192 3258 ε

68 3288 186 3336 ,542
213 3291 278 3335 sic
306 3292 345 3334 h
374 3291 397 3334 Ζ
424 3305 474 3346 ς,
520 3289 705 3336 larissea
748 3305 775 3336 ε
803 3292 865 3335 N
887 3293 943 3334 F
964 3306 1013 3347 ς,
1059 3290 1164 3334 laris
1208 3302 1258 3333 se
1302 3287 1514 3332 acoronis
1557 3287 1645 3344 M,
1697 3286 1900 3344 laryssea
1928 3297 1957 3329 e
1997 3289 2011 3343 [Ι
2063 3297 2191 3328 coro-

75 3370 184 3428 'nea
226 3373 254 3404 ε
422 3360 510 3406 543
553 3361 785 3406 Aemonia
829 3376 882 3417 ς,
929 3361 1033 3405 Non
1076 3359 1187 3404 haee
1239 3359 1419 3413 meanis.
1461 3371 1489 3402 ε
1657 3357 1744 3401 544
1788 3356 1873 3400 Uel
1917 3354 2023 3398 dum
2069 3354 2121 3409 ς*
2164 3368 2191 3408 ς

72 3428 182 3476 μὸὲῖ
212 3429 400 3475 tenebat
429 3433 550 3483 (corr
579 3445 628 3475 m
645 3431 690 3486 2)
717 3433 776 3485 F,
806 3431 1017 3476 uertebat
1045 3445 1073 3486 ς
1123 3431 1138 3485 ΙΙ
1195 3429 1353 3486 gatula
1391 3428 1527 3472 ramis
1557 3442 1597 3482 ε,
1640 3441 1684 3484 g.
1715 3426 1844 3479 (moti
1873 3426 1893 3469 i
1919 3439 1946 3468 r
1974 3438 2021 3468 m
2040 3424 2108 3476 2)s
2136 3423 2198 3466 N

76 3535 183 3590 5Δ8
209 3541 471 3598 Insequitur
513 3544 737 3600 oesprotii
777 3545 932 3589 Dresd
963 3547 1006 3588 et
1037 3544 1182 3588 Sonat
1221 3545 1237 3599 [Ι
1292 3509 1498 3586 οἰοίῐὲωι·
1539 3554 1566 3584 ε
1716 3539 1803 3583 549
1830 3536 2190 3591 Auditaeque—

96 3613 240 3669 carpit
267 3625 295 3656 ε
341 3613 357 3668 ΙΙ
396 3613 493 3669 A(u
521 3614 542 3659 i
567 3629 594 3658 r
622 3628 669 3659 m
687 3615 922 3671 aditaque
950 3615 1011 3658 N
1146 3613 1233 3658 550
1258 3625 1343 3657 nec
1371 3624 1530 3668 sperne
1560 3623 1588 3654 e
1619 3612 1639 3654 Ζ
1666 3623 1694 3654 s
1724 3624 1751 3665 ς
1779 3608 1826 3653 R
