2580 4088
738 210 824 257 Ov.
852 210 1032 256 Metam.
1063 209 1166 255 Lib.
1185 208 1313 260 VIII,
1340 222 1386 253 v.
1409 210 1648 252 829—871.
2124 208 2228 257 329

144 359 281 413 hanc
318 371 521 427 quoque
556 355 734 408 vendit
769 355 945 423 inops:
1009 353 1277 406 dominum
1314 366 1565 419 generosa
1598 352 1807 404 recusat

145 444 199 496 et
233 442 404 496 vicina
439 456 562 495 suas
598 439 820 493 tendens
858 453 1010 506 super
1046 453 1270 506 aequora
1305 437 1507 506 palmas

149 526 319 595 „eripe
355 542 440 580 me
478 525 701 593 domine,
740 525 829 592 qui
864 525 1042 592 raptae
1078 523 1311 592 praemia
1346 521 1495 575 nobis
2155 529 2230 570 850

145 611 456 679 virginitatis
493 608 685 662 habes“
727 611 823 662 ait:
860 609 990 661 haec
1027 609 1302 676 Neptunus
1338 607 1592 667 habebat;

146 695 235 763 qui
269 709 420 762 prece
456 711 560 748 non
598 697 786 763 spreta,
826 694 1063 761 quamvis
1098 694 1253 746 modo
1288 691 1399 745 visa
1434 691 1673 759 sequenti

145 781 284 832 esset
319 795 420 844 ero,
455 779 779 846 formamque
817 779 974 831 novat
1010 779 1314 845 vultumque
1349 777 1551 830 virilem

2 887 20 942 ,⁴
59 907 61 910 .
144 863 316 917 induit
351 867 405 918 ct
440 865 613 918 cultus
649 864 846 932 piscem
884 863 1208 931 capientibus
1245 865 1408 931 aptos·

0 945 58 1016 ζῐ·
144 948 281 1002 hanc
317 948 558 1002 dominus
596 950 837 1017 spectans
877 964 939 1015 „o
978 948 1068 1015 qui
1104 947 1385 1016 pendentia
1419 961 1575 1015 parvo
2157 951 2230 992 855

0 1033 3 1037 '
39 1037 51 1048 ”
146 1047 267 1087 aera
303 1034 418 1088 cibo
455 1035 608 1099 cela8‚
645 1035 939 1087 moderator
973 1032 1329 1094 harundinis“,
1365 1033 1537 1100 inquit

150 1118 257 1186 „sic
293 1134 436 1172 mare
470 1119 812 1188 conpositum,
851 1119 926 1171 sic
962 1119 1032 1171 sit
1066 1118 1164 1171 tibi
1198 1119 1356 1186 piscis
1392 1118 1447 1169 in
1483 1116 1626 1169 unda

146 1203 387 1257 credulus
424 1206 479 1258 et
513 1205 704 1268 nullus,
740 1204 843 1256 nisi
878 1204 1027 1267 fixus,
1067 1204 1261 1256 sentiat
1295 1203 1500 1256 hamos:

0 1343 3 1352 ι
148 1303 280 1356 quae
316 1289 471 1342 modo
509 1305 631 1343 cum
668 1289 760 1341 vili
795 1289 1019 1341 turbatis
1055 1291 1198 1342 veste
1236 1288 1437 1356 capillis

0 1430 4 1432 ,
144 1373 294 1428 litore
331 1376 388 1428 in
423 1375 522 1428 hoc
559 1376 776 1427 steterat
814 1377 956 1438 (nam
994 1376 1222 1427 stantem
1259 1374 1315 1424 in
1349 1371 1499 1425 litore
1536 1371 1679 1436 vidi),
2159 1378 2231 1419 860

0 1474 10 1555 1
44 1493 59 1521 ,-
146 1458 229 1513 dic
264 1459 356 1513 ubi
392 1460 483 1525 sitr,
521 1475 692 1527 neque
729 1459 869 1512 enim
905 1459 1124 1525 vestigia
1159 1458 1363 1524 longius
1401 1458 1648 1509 exstant.“

0 1523 62 1623 ξ
143 1543 236 1596 illa
272 1543 356 1597 dei
391 1560 584 1597 munus
621 1545 752 1598 bene
791 1543 973 1597 cedere
1010 1544 1174 1596 sensit
1209 1545 1263 1595 et
1299 1557 1331 1594 a
1367 1557 1423 1594 se

46 1619 77 1679 44-
145 1643 201 1681 se
239 1629 418 1697 quaeri
453 1630 701 1698 gaudens,
739 1630 821 1682 his
859 1631 940 1681 est
974 1629 1212 1681 resecuta
1246 1629 1541 1693 rogantem:

148 1714 417 1781 „quisquis
453 1730 523 1778 es,
559 1715 822 1781 ignoscas3
859 1713 915 1765 in
951 1712 1152 1765 nullam
1187 1709 1391 1763 lumina
1425 1712 1629 1779 partem

0 1813 13 1922 3
45 1811 58 1844 ³.
145 1798 347 1866 gurgite
384 1799 450 1852 ab
485 1799 584 1852 hoc
617 1798 735 1852 flexi
773 1797 1046 1865 studioque
1083 1799 1323 1864 operatus
1360 1795 1576 1859 inhaesi,
2161 1800 2234 1843 865

147 1898 348 1951 quoque
384 1883 559 1936 minus
597 1883 817 1940 dubites,
855 1883 930 1934 sic
966 1883 1062 1935 has
1099 1882 1227 1934 deus
1264 1881 1500 1949 aequoris
1539 1882 1676 1933 artes

0 1861 70 2058 ἔ
146 1967 368 2032 adiuvet,
403 1970 463 2021 ut
497 1984 650 2021 nemo
687 1967 994 2020 iamdudum
1030 1967 1180 2020 litore
1217 1967 1272 2018 in
1308 1966 1424 2032 isto,

44 2065 62 2111 i

51 2138 65 2165 Q

143 2067 228 2106 mc
264 2057 440 2106 tamen
477 2055 702 2121 excepto,
738 2069 834 2106 nec
871 2052 1067 2106 femina
1103 2052 1336 2105 constitit
1373 2050 1525 2104 ulla.“

47 2194 68 2214 f
284 2138 518 2193 Credidit
553 2143 606 2192 et
646 2155 793 2192 verso
831 2139 1071 2191 dominus
1107 2138 1238 2206 pede
1275 2137 1464 2206 pressit
1499 2137 1751 2188 harenam

44 2219 57 2242 '⁴
144 2223 422 2293 elususque
459 2223 608 2276 abiit:
642 2224 722 2276 illi
758 2239 854 2277 sua
889 2223 1095 2276 reddita
1130 2223 1298 2276 forma
1335 2224 1435 2275 est.
2161 2226 2232 2267 870

283 2312 382 2363 Ast
418 2310 508 2362 ubi
543 2309 735 2362 habere
773 2324 926 2362 suam
962 2307 1298 2361 transformia
1335 2322 1546 2376 corpora
1584 2306 1761 2369 sensit,

283 2506 370 2551 848
398 2519 622 2563 generosa
651 2506 884 2551 dominum
915 2510 1046 2559 (corr)
1076 2508 1114 2549 h
1283 2504 1371 2548 850
1398 2510 1553 2559 raptae
1593 2504 1671 2559 qui
1705 2513 1752 2557 p
1921 2501 1999 2545 851
2036 2501 2134 2546 haec
2163 2503 2182 2545 i
2211 2516 2234 2544 r

143 2575 274 2630 (hanc
316 2578 414 2635 fort
443 2578 558 2635 fuit)
587 2578 655 2622 M
683 2589 726 2621 n
774 2578 789 2632 ΙΙ
839 2578 903 2621 ait
932 2583 979 2621 et
1011 2577 1192 2630 οδεηαΐ,
1238 2576 1314 2619 ait.
1350 2574 1424 2619 hic
1466 2575 1525 2629 R,
1571 2575 1636 2618 ait
1672 2573 1789 2617 hanc
1818 2572 1909 2625 (uel
1945 2572 2032 2616 hoc
2066 2575 2175 2624 sscr)
2205 2584 2234 2616 s

0 2684 24 2707 ξ.
142 2647 229 2694 852
255 2655 384 2706 speta
408 2651 590 2704 (comm
627 2648 672 2701 2)
703 2648 760 2691 F
789 2649 804 2703 ΙΙ
841 2646 1051 2704 quamuis
1095 2646 1235 2691 modo
1264 2658 1325 2690 m
1363 2645 1442 2690 VA
1470 2645 1618 2701 vulgo,
1651 2645 1860 2700 quamuis
1889 2657 1983 2687 non
2011 2644 2094 2695 M,
2125 2656 2234 2700 qua-

0 2705 25 2775 {3
89 2779 101 2784 ν
142 2719 261 2764 mnis
288 2723 360 2771 (ea
387 2720 516 2763 irm
550 2718 597 2774 2)
627 2720 679 2772 h,
710 2719 917 2775 quamuis
938 2722 977 2768 ll
1008 2722 1080 2770 (ea
1107 2719 1127 2761 i
1154 2732 1179 2760 r
1213 2731 1259 2760 m
1280 2716 1323 2767 2)
1354 2717 1420 2769 N,
1453 2729 1528 2772 qu.
1559 2729 1614 2760 ea
1643 2716 1698 2758 F
1719 2727 1750 2760 c
1777 2715 1798 2758 l
1825 2727 1853 2758 s
1897 2727 1933 2769 9
1963 2729 1991 2770 ς
2019 2715 2234 2769 esprotii,

146 2801 220 2848 qu.
249 2790 339 2834 iam
368 2789 503 2835 Riese
551 2791 566 2845 ΙΙ
617 2803 671 2834 ea
700 2789 825 2844 iussa
874 2788 926 2831 F
1064 2788 1151 2833 853
1178 2788 1312 2832 Esset
1340 2786 1450 2831 hero
1481 2788 1500 2830 i
1528 2801 1554 2829 r
1582 2786 1643 2829 N
1686 2787 1700 2840 ΙΙ
1752 2785 2039 2841 formamque
2067 2798 2232 2829 nouam

145 2861 271 2916 (prob
300 2861 391 2914 Hs)
420 2875 448 2917 ς
616 2861 703 2905 854
732 2866 780 2905 et
798 2860 944 2904 cultus
973 2874 1001 2916 ς
1029 2859 1368 2903 DanHeinsius
1398 2858 1546 2914 vulyo,
1577 2865 1623 2900 ct
1642 2856 1796 2900 uultus
1825 2856 1876 2899 A
1907 2874 1943 2898 ω
1999 2857 2013 2911 ΙΙ
2063 2855 2233 2911 piscem

145 2931 218 2987 (cf
237 2932 338 2985 857)
367 2932 419 2976 A
460 2930 520 2988 R,
550 2932 698 2987 pisces
742 2943 771 2975 e
813 2943 850 2986 9
870 2942 917 2985 p
953 2945 981 2987 ς
1019 2930 1098 2975 VA
1136 2930 1270 2987 vulyo
1312 2931 1419 2985 post
1460 2927 1734 2972 Merkelium
1770 2928 1784 2982 ΙΙ
1822 2926 2110 2983 captantibus
2131 2938 2178 2981 p
2207 2941 2235 2982 ς

11 3021 28 3043 :-
107 3037 111 3044 .
144 3002 231 3048 855
272 3001 607 3059 pendendentia
639 3005 770 3056 (corr)
816 3002 871 3044 F
902 3002 916 3057 ΙΙ
956 3014 1092 3058 parco
1135 3000 1222 3053 Hs,
1266 3013 1413 3056 pravo
1457 2998 1550 3052 (sed
1592 2998 1647 3054 ef
1667 2999 1764 3055 fast
1804 2997 1871 3042 VI
1899 2997 2005 3055 240)
2045 2996 2236 3041 Waddel

102 3067 108 3081 ⁶
144 3073 231 3120 856
257 3073 357 3118 Fila
399 3072 504 3118 cibo
535 3072 773 3170 2σΟαηίἒαὸ-ν·
942 3072 1028 3117 858
1057 3077 1103 3116 ct
1132 3071 1284 3115 nullus
1324 3071 1488 3126 scripsi
1515 3083 1576 3113 ea:
1605 3069 1656 3113 A
1684 3069 1744 3123 R,
1784 3077 1830 3113 et
1848 3068 1998 3113 nullos
2028 3081 2057 3112 e
2087 3083 2113 3124 ς
2151 3067 2232 3112 VA

6 3208 22 3235 5
145 3186 289 3244 vulgo,
334 3194 381 3232 et
409 3186 559 3231 nullus
587 3186 660 3230 M
705 3187 719 3242 ΙΙ
768 3184 890 3230 fixos
934 3186 981 3230 R
1121 3184 1208 3229 860
1251 3189 1444 3228 stantem
1499 3181 1633 3226 litore
1661 3181 1968 3237 cBersmanni
2017 3183 2031 3236 ll
2081 3182 2235 3226 littora

15 3288 20 3290 s
107 3303 109 3305 ,
145 3256 240 3302 uidi
269 3269 298 3302 e
457 3257 542 3302 861
573 3262 753 3301 exstant
780 3256 800 3300 i
828 3270 854 3299 r
885 3256 971 3299 F2
1131 3254 1216 3300 862
1245 3254 1382 3298 sentit
1412 3267 1438 3308 ς
1469 3253 1544 3296 Hs
1572 3252 1707 3309 vulgo
1738 3252 1847 3297 olim
2011 3253 2097 3297 865
2128 3265 2234 3308 ope-

145 3333 269 3372 ratus
295 3327 492 3372 chedic
520 3329 564 3371 et
591 3326 755 3371 Thuan
784 3327 859 3371 Hs
892 3327 1040 3384 vulgo,
1073 3331 1284 3371 oneratus
1311 3324 1372 3367 N
1397 3323 1453 3366 F
1477 3325 1515 3367 Ιι
1544 3335 1573 3367 e
1602 3338 1642 3379 ς,
1672 3323 1918 3368 honeratus
1947 3324 2020 3367 M
2045 3324 2064 3366 l
2094 3323 2163 3366 122
2193 3337 2233 3378 ς,

147 3395 446 3455 Ιργαζόηενος
463 3397 587 3441 Plan
637 3398 652 3453 ΙΙ
703 3403 915 3442 oneratus
945 3397 1131 3442 adhaesi
1160 3408 1200 3451 s,
1230 3396 1434 3438 intentus
1463 3393 1648 3438 adhaesi
1685 3409 1713 3450 ς
1739 3394 1939 3450 cSprotii
2050 3393 2137 3438 866
2165 3406 2233 3436 ar-

146 3477 221 3512 ces
264 3467 320 3511 F
503 3468 590 3513 868
631 3481 716 3512 nec
759 3475 934 3512 tantum
970 3467 1175 3513 constitit
1204 3479 1240 3521 9
1411 3465 1502 3510 869
1527 3477 1709 3518 pressus
1753 3477 1935 3509 arenam
1981 3465 2232 3520 eArqentin

127 3533 232 3582 8¹2⁰
273 3537 411 3589 [abiit
454 3536 500 3591 (h
519 3543 637 3591 eras)
674 3538 720 3582 Ο
769 3540 783 3594 ΙΙ
833 3539 932 3583 abit
973 3540 1058 3594 si(c
1085 3551 1142 3582 ex
1185 3544 1205 3580 t
1233 3551 1279 3579 m
1307 3535 1354 3588 2)
1396 3535 1462 3578 illi
1509 3534 1565 3578 F
1613 3535 1627 3590 11
1683 3535 1749 3578 illi
1792 3534 1969 3579 reddita
2014 3548 2096 3578 sua
2134 3534 2167 3579 f.
2213 3536 2234 3578 l

27 3654 30 3656 .
139 3604 230 3651 871
258 3605 425 3652 habere
464 3614 607 3653 satam
637 3608 786 3653 Bothe
835 3610 849 3664 ΙΙ
899 3609 1162 3653 tranformia
1194 3608 1213 3650 l
1263 3608 1276 3661 ΙΙ
1325 3619 1514 3662 corpora
1553 3605 1669 3649 uidit
1697 3605 1911 3661 cSprotii,
1943 3618 2063 3662 corp.
2095 3606 2234 3650 sentit

107 3700 110 3707 ἡ
148 3689 177 3732 ς
202 3675 277 3721 Hs
307 3678 440 3735 vulqo
468 3678 577 3723 olim
