2580 4088
0 508 5 515 ³
58 436 62 438 ’
108 434 315 509 penite'.
391 436 653 505 deponunt
690 437 743 488 et
778 449 926 488 saera
959 433 1154 487 infecta
1187 432 1505 500 relinquunt,

45 534 49 539 ⁴
109 522 349 592 quodque
383 521 522 585 lieet,
556 520 716 573 tacito
751 521 1063 572 venerantur
1097 531 1362 572 murmure
1398 531 1608 569 numen.

30 750 35 756 ,
109 691 304 748 talibus
340 692 422 745 est
457 690 609 743 dietis
645 688 855 757 gemina
890 701 1011 740 eum
1045 687 1188 756 prole
1223 687 1422 740 locuta:

713 208 798 254 Ov.
828 207 1008 253 Metam.
1037 205 1137 251 Lib.
1158 205 1237 259 Vl,
1268 218 1310 249 v.
1336 207 1573 249 182-208.
2088 208 2189 254 211

106 355 179 408 ite
216 353 343 407 eatis
379 367 589 422 propere
627 350 787 404 saeris
821 350 1130 417 laurumque
1167 347 1368 417 capillis

249 606 531 676 Indignata
567 604 664 658 dea
698 605 779 658 eet
814 617 1125 670 summoque
1160 602 1216 654 in
1250 601 1441 655 vertice
1477 599 1670 669 Cynthi

2122 358 2197 737 {3332}

34 767 38 770 ’
106 778 195 832 ‘en
231 792 327 845 ego
363 776 536 830 vestra
569 789 771 843 patene,
807 771 952 825 vobis
990 773 1223 825 animosa
1258 771 1446 825 creatis

24 912 25 915 ,
111 862 166 916 et
196 861 300 914 nisi
335 859 523 914 Iunoni
557 859 690 912 nulli
727 873 938 911 cessura
974 857 1206 921 dearum,

112 961 180 1001 an
215 946 313 1000 dea
348 946 448 998 sim
486 945 692 998 dubitor
726 958 921 1012 perque
959 941 1134 995 omnia
1168 940 1377 994 saecula
1411 940 1566 993 cultis

112 1113 202 1158 qua
217 1106 435 1157 quantum
453 1099 495 1143 d.
513 1098 572 1143 ab
590 1111 630 1143 ο.
648 1095 843 1152 Bentley
859 1094 988 1151 vulqo
1011 1096 1026 1148 ΙΙ
1048 1094 1208 1138 turbae
1224 1094 1258 1149 β
1274 1108 1314 1149 ς,
1335 1092 1484 1138 turba!
1500 1093 1656 1149 (apall
1670 1097 1822 1138 atram
1837 1095 1918 1151 M,
1939 1095 2116 1141 turbam
2140 1101 2197 1151 a)

117 1213 176 1268 Ο,
205 1213 353 1266 turb(e
375 1227 434 1256 ex
454 1225 481 1255 a
503 1226 548 1254 m
567 1210 613 1264 2)
635 1211 692 1263 F,
722 1208 874 1261 turb(e
902 1209 964 1252 ir
984 1220 1029 1251 m
1047 1208 1095 1260 2)
1124 1208 1156 1260 l,
1188 1207 1323 1252 turba
1353 1222 1381 1263 ς
1409 1207 1467 1259 R,
1497 1206 1676 1251 turbam
1708 1221 1735 1262 ς
1756 1208 1771 1261 ΙΙ
1791 1175 1929 1269 turbe,
1959 1213 2194 1264 quamtum

548 1285 568 1322 l
586 1281 751 1323 tmbam2
800 1283 818 1321 1
841 1295 911 1330 que
936 1289 1111 1330 quantum
1134 1279 1267 1321 distat²

111 1340 254 1386 distat
282 1342 344 1384 ir
363 1354 408 1383 m
428 1339 475 1392 2)
506 1341 558 1390 h,
588 1337 723 1382 turba
781 1342 1015 1392 (quantum
1047 1335 1247 1380 distabat
1275 1336 1294 1378 z·
1314 1338 1352 1389 r)
1382 1347 1423 1387 e,
1452 1333 1588 1379 turba
1607 1347 1724 1390 quae
1754 1347 1888 1390 quam
1920 1334 2124 1380 distabat
2144 1337 2196 1392 V,

110 1411 244 1456 turba
274 1418 492 1467 quantum
524 1407 723 1453 distabat
741 1407 783 1450 A
804 1407 978 1462 Reyius
1020 1408 1034 1460 Η
1073 1406 1295 1450 Latonae:
1327 1405 1461 1449 turba
1481 1417 1573 1461 qua
1601 1416 1675 1460 qu.
1700 1404 1742 1447 d.
1772 1404 1831 1448 ab
1862 1404 1975 1450 orba
2001 1404 2196 1463 Gronov,

111 1481 314 1526 Latonae
344 1515 354 1524 .
397 1479 530 1524 turba
569 1491 661 1535 quo
706 1482 909 1528 (numero
954 1482 1013 1528 sc)
1060 1482 1274 1532 quantum
1322 1475 1366 1519 d.
1403 1474 1461 1519 ab
1492 1487 1533 1519 o.
1565 1475 1640 1519 Ηε
1679 1479 1728 1520 et
1769 1474 1946 1529 Burm,
1990 1475 2196 1532 duorum,

111 1552 281 1598 Latoae
301 1551 475 1602 turbae,
507 1562 598 1606 quo
628 1551 834 1600 (numero
863 1551 924 1601 se)
956 1560 1028 1602 qu.
1060 1547 1200 1591 distat
1227 1559 1265 1590 a.
1289 1559 1331 1590 o.
1364 1546 1429 1590 vel
1456 1546 1671 1601 Latonae,
1703 1545 1866 1590 turbae
1895 1558 1988 1603 quo
2019 1550 2091 1597 (ut
2114 1561 2199 1603 per

113 1623 368 1677 despectum
389 1621 562 1664 dictum
581 1620 645 1663 eit
670 1615 764 1662 ‘hoc
795 1612 989 1669 turbae')
1010 1629 1085 1672 qu.
1107 1616 1149 1660 d.
1171 1616 1230 1661 ab
1252 1615 1367 1661 orba
1384 1615 1544 1667 Bothe,
1574 1615 1776 1659 Latonae
1797 1615 1946 1669 turba,
1979 1629 2100 1673 quae
2121 1630 2195 1673 qu.

111 1691 157 1736 d.
177 1691 236 1735 ab
258 1689 369 1735 orba
393 1690 427 1741 (i
455 1704 478 1733 e
501 1685 614 1733 ‘non
635 1692 803 1743 tamen,
831 1687 1028 1743 spoliata
1048 1687 1130 1730 hac
1150 1701 1249 1731 mea
1271 1687 1419 1741 turba,
1451 1687 1633 1742 redigar
1652 1687 1712 1730 ad
1732 1700 1978 1731 numerum
1999 1688 2197 1733 duorum

110 1762 330 1815 Latonae,
361 1758 493 1815 quae'
518 1757 938 1815 >Baum9-Cru8ius
1051 1756 1139 1801 200
1164 1758 1228 1801 eie
1263 1757 1424 1812 scripsi
1461 1757 1529 1813 (of
1549 1755 1584 1800 I
1609 1756 1697 1802 196
1723 1758 1831 1802 trist
1858 1756 1893 1800 Ι
1916 1757 1958 1814 3,
1988 1759 2028 1811 7,
2060 1759 2199 1804 saeris

877 1843 885 1849 .
911 1829 928 1854 a
991 1843 994 1857 ἶ

112 1909 168 1925 -—-
187 1903 215 1931 a
236 1887 395 1940 sacris)
414 1900 518 1930 cwm
537 1886 587 1929 A
607 1884 654 1930 R
703 1886 717 1939 ΙΙ
733 1840 907 1928 mla?
932 1842 1063 1940 agee
1090 1885 1169 1936 (sic
1197 1899 1243 1927 m
1265 1884 1303 1937 J,
1332 1885 1411 1927 sed
1439 1885 1524 1928 am
1543 1898 1572 1926 a
1592 1898 1638 1927 m
1657 1883 1692 1927 2
1706 1884 2084 1940 redinteyratum,
2105 1886 2199 1931 Itee

113 1963 158 2005 et
176 1972 226 2004 es
244 1974 274 2002 a
293 1973 339 2001 m
359 1957 393 2001 2
408 1956 588 2014 viryula
608 1955 697 2008 del)
715 1968 909 2012 propere
930 1955 1066 1999 sacris
1087 1954 1116 2006 (l
1135 1970 1164 1998 a
1185 1970 1231 1998 m
1250 1954 1549 2010 2)aurumque
1578 1955 1625 2010 β,
1655 1954 1924 2010 Ιιθεψαῑίβε
1944 1958 1983 2009 (e
1993 1956 2135 2012 prius
2155 1961 2200 2002 et

111 2030 312 2086 m‘ryva
341 2026 450 2078 m2>
475 2037 670 2082 propere
699 2025 836 2070 saeris
866 2038 1114 2082 aurumque
1144 2026 1223 2080 Its,
1270 2027 1358 2076 It(e
1387 2039 1408 2069 s
1438 2027 1457 2069 i
1484 2040 1510 2068 r
1539 2040 1586 2069 m
1613 2025 1777 2078 zacris
1814 2031 2028 2082 properes
2059 2029 2198 2074 saeris

111 2101 376 2156 laurumque
403 2099 468 2153 Ν,
499 2097 585 2146 lt(e
615 2111 670 2139 eae
700 2109 728 2140 a
757 2111 803 2139 m
823 2096 871 2154 2)
901 2096 1013 2141 satie
1037 2110 1226 2153 propere
1255 2097 1394 2141 sacris
1422 2097 1451 2139 l.
1484 2096 1544 2146 F,
1575 2097 1646 2141 lte
1675 2097 1814 2142 sacris
1841 2110 2030 2154 propere
2058 2099 2198 2144 saeris

111 2171 140 2217 l.
171 2185 199 2228 ς
227 2169 316 2226 VA,
348 2171 418 2211 ἴτε
439 2166 492 2221 δὴ
517 2171 649 2222 τάχος
670 2170 793 2220 ὅσον,
824 2172 899 2209 καὶ
931 2170 1014 2220 τὴν
1046 2165 1226 2224 δάφνην
1250 2173 1326 2222 τῆς
1354 2172 1494 2222 κόμης
1522 2168 1771 2210 ἀπόθεσθε
1791 2167 1928 2220 Plan,
1960 2168 2030 2213 lte
2060 2171 2197 2216 sacris

113 2241 268 2300 procul
287 2254 316 2285 a
335 2239 474 2285 sacris
495 2252 572 2295 my
592 2239 647 2282 ed
672 2236 831 2295 Gryph
866 2240 880 2293 ΙΙ
910 2238 974 2282 ite
993 2238 1143 2294 sacris,
1163 2243 1404 2294 properate
1424 2237 1562 2282 sacris
1581 2237 1648 2281 vel
1667 2237 1731 2282 ite
1748 2238 1906 2294 procul
1926 2239 2011 2292 (vel
2029 2241 2196 2295 saeris),

111 2309 269 2369 procul
297 2310 361 2354 ite
390 2309 530 2354 saeris
558 2308 627 2353 vel
653 2309 729 2361 ite,
760 2308 871 2353 satis
899 2308 1053 2364 procul
1074 2308 1138 2353 ite
1157 2310 1294 2354 saeris
1324 2309 1412 2364 Hs,
1441 2309 1524 2362 Ite,
1554 2314 1625 2352 sat
1654 2315 1723 2352 est
1752 2321 1931 2365 operae,
1961 2311 2100 2356 saeris
2127 2312 2200 2357 vel

112 2382 177 2428 ite
195 2379 307 2426 satis
325 2393 411 2437 pro
431 2392 481 2424 re
509 2380 633 2431 (item
652 2378 797 2431 Pelle)
827 2380 941 2424 sacri
963 2380 1030 2423 vel
1048 2380 1115 2424 ite
1144 2380 1256 2424 satie
1285 2392 1504 2435 properae
1533 2378 1670 2423 sacris
1704 2378 1897 2433 Gronov,
1928 2380 2007 2437 ite,
2036 2395 2198 2428 manue

110 2451 351 2510 prohibete
379 2450 461 2504 (vel
491 2449 715 2504 cohibete)
744 2450 882 2494 saeris
911 2449 1078 2502 Buran,
1121 2450 1184 2494 ite
1213 2450 1302 2494 aris
1330 2462 1522 2505 propere
1551 2448 1609 2494 ab
1647 2450 1784 2494 saeris
1811 2450 2102 2507 JacGronov,
2131 2453 2198 2499 ite

114 2523 204 2569 aris
232 2521 372 2567 orbae
400 2522 540 2566 sacris
570 2521 671 2574 (coll
697 2521 799 2574 274)
831 2520 1145 2576 Capoferreue‚
1175 2522 1247 2574 ite,
1281 2520 1380 2565 sitis
1406 2520 1558 2570 (sinon
1588 2533 1779 2576 propere
1809 2522 1945 2567 saefie
1963 2522 2102 2577 Fuso,
2132 2525 2198 2570 ite

113 2593 263 2646 eam-is,
292 2604 486 2648 propere
505 2592 569 2636 ite
588 2591 727 2636 saeris
746 2594 859 2647 poet
876 2592 946 2648 (cf
956 2590 1082 2636 Mser
1102 2590 1219 2635 Dice
1240 2590 1367 2642 1075)
1386 2590 1636 2635 Heinsium
1654 2591 1800 2646 Jahn,
1828 2591 1893 2637 ite
1913 2595 2064 2648 saeris,
2093 2608 2196 2651 pro·

111 2676 246 2721 perae
273 2664 337 2708 ioe
366 2663 504 2708 sacris
532 2661 618 2706 coll
646 2661 747 2707 VII
761 2663 850 2707 647
865 2662 934 2706 Pr
954 2661 1197 2706 Blankenb
1219 2661 1331 2706 1847
1350 2660 1587 2714 HMleler,
1618 2662 1681 2706 ite
1714 2666 1802 2714 (sat
1828 2667 1912 2716 eet)
1931 2677 2123 2721 propere
2153 2670 2197 2718 (a

31 2731 68 2785 ’μ’
112 2734 204 2780 add
221 2733 427 2790 Madviq)
461 2733 600 2777 saeris
621 2732 830 2786 Ehwald,
860 2734 937 2786 ite,
968 2734 1091 2785 eatis,
1121 2738 1360 2789 properate
1390 2732 1525 2776 sacris
1543 2746 1582 2787 p
1603 2732 1656 2776 31
1680 2732 1891 2778 Gnesotti
1917 2738 1964 2779 et
1976 2733 2092 2779 Bull
2119 2737 2197 2780 dee

29 2807 51 2875 ξ
113 2802 308 2848 mean
327 2803 464 2860 fram„¹
485 2803 598 2848 1894
615 2803 686 2848 No
708 2804 731 2847 1
758 2803 996 2859 Tournier,
1027 2802 1208 2848 infectis
1226 2808 1466 2859 properate
1495 2806 1631 2847 saeris
1652 2808 1763 2858 post
1786 2803 2050 2861 Withofi'um
2070 2806 2196 2860 Birt,

33 2884 50 2938 ζ
113 2872 293 2919 inseetis
310 2872 469 2930 procul
495 2874 560 2918 ite
589 2874 725 2919 saeris
745 2875 873 2930 (item
893 2874 988 2919 Rev
1007 2875 1038 2918 d
1057 2873 1129 2918 Ph
1150 2873 1262 2918 1894
1292 2872 1487 2930 Lafaye)
1516 2874 1584 2917 vel
1612 2873 1808 2930 linquite
1836 2875 1926 2919 iam
1955 2884 2197 2933 properata

42 2952 64 2984 .“
113 2945 252 2996 uaeris
283 2945 353 2988 vir
381 2945 538 2989 doctus
556 2958 618 3001 ap
638 2943 880 2999 Baohium,
911 2943 1092 2989 infectis
1120 2957 1312 3000 propere
1341 2944 1404 2987 ite
1434 2944 1571 2988 saeris
1599 2944 1746 2997 Korn,
1775 2946 1851 3001 ite,
1881 2951 1953 2990 sat
1982 2953 2062 3003 est,
2092 2961 2196 3004 pro·

31 3032 58 3076 3.
113 3026 222 3072 pere
248 3016 327 3067 ite,
357 3015 472 3059 sacri
501 3013 662 3068 Bothe,
702 3016 779 3069 ite,
821 3017 944 3080 satie,
981 3027 1173 3072 propere
1201 3014 1278 3067 ite,
1324 3014 1438 3059 sacri
1466 3021 1537 3058 eet
1564 3015 1743 3072 Haupt,
1774 3016 1850 3068 ite,
1881 3023 1953 3061 eat
1980 3024 2062 3072 est,
2090 3031 2195 3074 pro-

0 3093 1 3096 ’
32 3085 70 3143 3,,
113 3090 270 3142 per-ate
297 3085 382 3138 (vel
407 3097 491 3142 pro
518 3088 675 3141 parte),
705 3087 819 3130 saeri
848 3084 980 3131 ΖΟότΥ
1009 3084 1218 3129 XXXII
1241 3086 1326 3128 414
1354 3084 1584 3141 Rappold,
1629 3086 1706 3139 ite,
1735 3086 1941 3144 satisque
1971 3100 2197 3145 superque

32 3159 67 3226 ζ’

32 3229 61 3254 s

30 3262 73 3350 {rs

12 3371 75 3438 4»ξὲ

34 3451 60 3477 Q

37 3709 91 4088 muz-¹:74·-
43 3620 67 3666 -t
46 3575 55 3597 ν
39 3519 62 3538 τ-

113 3154 229 3201 ueri
247 3154 457 3212 Met-lew,
478 3156 588 3201 item
607 3155 704 3212 fere
723 3156 912 3210 (eaeriet)
933 3156 1080 3212 journ
1100 3155 1230 3211 ofph
1251 3155 1366 3200 1883
1382 3155 1494 3199 XII
1503 3156 1564 3202 73
1573 3154 1712 3211 Ellis,
1740 3157 1814 3208 ite,
1837 3160 1947 3204 eatis
1965 3173 2049 3216 pro
2068 3160 2195 3216 prole

30 3258 66 3277 -,
114 3225 274 3272 καὶεί
300 3226 496 3271 Merkel²
636 3227 718 3272 201
751 3227 1007 3284 infectaque
1042 3240 1168 3272 saera
1195 3226 1273 3271 rel.
1305 3238 1334 3269 ε
1364 3227 1438 3271 Hs
1466 3227 1599 3284 vulgo
1629 3228 1737 3272 olion
1868 3229 1959 3274 202
1988 3239 2196 3287 quosque

114 3293 165 3351 (d
190 3301 307 3350 eras)
337 3297 370 3352 β
408 3298 422 3351 ΙΙ
461 3296 581 3341 hunc
609 3311 786 3342 versum
817 3299 867 3341 in
900 3298 1025 3342 libris
1046 3298 1158 3349 (vide
1187 3311 1329 3353 supra
1357 3298 1417 3340 ad
1435 3297 1535 3350 203)
1555 3299 1762 3354 sequitur
1789 3313 1943 3343 versuo
1971 3299 2062 3344 203
2093 3301 2108 3355 Η
2143 3301 2194 3344 in

115 3364 382 3422 mailmedam
412 3382 439 3423 ς
468 3370 513 3413 et
528 3367 616 3412 edd
635 3371 727 3413 vett
744 3367 808 3412 sic
827 3370 1103 3413 constitutus
1122 3371 1189 3412 est
1210 3368 1350 3412 loeus:
1382 3373 1653 3412 venerantur
1678 3382 1906 3414 murmure
1923 3382 2091 3414 numen
2110 3368 2195 3415 La·

116 3437 291 3482 tonae
319 3437 455 3482 turba
483 3444 699 3495 quantum
731 3438 933 3483 distabat
960 3439 1018 3483 ab
1050 3438 1173 3491 orba,
1203 3438 1397 3537 'falti-iux?
1419 3438 1723 3538 ωιὶιηοῗῗὶεὲυὶ
1751 3439 1880 3484 furiis
1910 3440 2084 3496 agitata
2114 3440 2195 3485 do-

118 3545 227 3593 loris
246 3549 313 3604 (cf
323 3549 426 3603 595)
445 3550 686 3606 Indignata
706 3550 791 3596 dea
823 3556 892 3596 est
919 3565 968 3606 sq
1080 3550 1167 3596 206
1195 3551 1356 3595 creatis
1385 3552 1433 3607 β,
1463 3551 1652 3596 creatrix
1683 3553 1751 3596 Μ
1862 3552 1946 3598 207
1976 3553 2108 3603 nullis
2129 3555 2193 3609 Ν,

117 3670 206 3719 me
233 3621 454 3722 duliittgr'e
494 3678 509 3732 11
543 3676 716 3722 eunetis
744 3676 1075 3722 ecBersmanni
1103 3681 1147 3723 et
1174 3677 1266 3722 Pal

1770 3751 1855 3792 14*
