2580 4088
687 214 772 260 Ov.
801 216 981 260 Metam.
1010 215 1108 262 Lib.
1139 215 1217 269 IV,
1247 229 1292 263 v.
1327 217 1562 262 139--184,
2066 225 2163 272 135

94 353 223 407 dixit
258 356 312 408 et
350 356 525 424 aptato
560 358 741 423 pectus
778 372 1019 411 mucrone
1056 359 1152 412 sub
1190 358 1356 412 imum

91 438 330 492 incubuit
365 439 514 503 ferro,
553 441 687 507 quod
725 442 894 495 adhue
931 458 962 494 a
998 443 1154 496 caede
1190 443 1414 511 tepebat.

90 523 214 575 vota
249 524 428 576 tamen
466 525 681 591 tetigere
718 526 853 588 deos,
891 527 1106 592 tetigere
1142 530 1407 596 parentes3

93 621 216 660 nam
254 607 392 661 color
426 608 481 660 in
518 623 670 677 pomo
708 612 800 669 est,
839 611 929 663 ubi
965 613 1320 680 permaturuit,
1358 614 1482 677 ater,
2103 627 2173 668 165

2 726 6 730 ·
94 691 334 759 quodque
377 693 515 759 rogis
553 697 801 762 superest,
839 711 944 748 una
978 696 1255 764 requiescit
1288 698 1342 750 in
1379 695 1536 750 urna.³

233 776 488 841 Desierat,
525 779 857 846 mediumque
898 780 997 832 fuit
1032 781 1185 834 breve
1221 783 1442 850 tempus,
1479 784 1532 836 et
1568 798 1684 836 orsa
1720 787 1800 836 est
2199 796 2336 834 Venus
2364 797 2403 834 et

99 860 268 914 dicere
308 859 607 926 Leuconoe;
646 879 823 916 vocem
862 867 1071 918 tenuere
1109 882 1321 919 sorores,
2174 851 2411 947 Leffl‘ssssbe·

230 941 409 998 ‘Hunc
451 962 671 1014 quoque,
712 948 911 1002 siderea
950 950 1038 1017 qui
1072 953 1330 1019 temperat
1365 951 1539 1005 omnia
1575 953 1703 1014 luce,
2222 964 2368 1015 Clytie·

92 1029 232 1098 cepit
267 1045 412 1083 amor
450 1030 648 1085 Solem:
688 1032 821 1086 Solis
857 1033 1137 1087 referemus
1174 1037 1401 1089 amores!
2103 1048 2172 1089 170

92 1115 290 1182 primus
328 1115 643 1169 adulterium
682 1118 894 1171 Veneris
932 1134 1052 1172 cum
1092 1120 1258 1173 Marte
1295 1122 1507 1188 putatur

91 1199 178 1252 hic
214 1199 403 1253 vidisse
442 1201 595 1254 deus:
632 1202 772 1255 videt
807 1203 894 1255 hic
930 1203 1056 1256 deus
1094 1205 1268 1257 omnia
1302 1206 1513 1273 primus.

92 1283 314 1337 indoluit
349 1283 489 1338 facto
526 1285 976 1355 Iunonigenaeque
1014 1290 1199 1342 marito

92 1369 234 1422 furta
270 1370 370 1422 tori
407 1369 637 1437 furtique
673 1371 845 1424 locum
881 1374 1201 1426 monstravit.
1273 1375 1328 1426 at
1362 1374 1439 1426 illi

93 1457 147 1506 et
181 1468 331 1506 mens
369 1456 423 1507 et
459 1454 595 1522 quod
631 1471 759 1523 opus
794 1454 996 1509 fabrilis
1034 1457 1211 1510 dextra
1246 1459 1459 1511 tenebat
2103 1469 2174 1509 175

94 1535 306 1591 excidit:
348 1540 606 1608 extemplo
642 1541 859 1607 graciles
896 1557 957 1593 ex
993 1556 1109 1594 aere
1145 1543 1355 1595 catenas

92 1622 326 1690 retiaque
365 1626 419 1676 et
453 1624 680 1692 laquem,
718 1640 849 1692 quae
884 1625 1085 1678 lumina
1119 1626 1297 1679 fallere
1333 1628 1559 1695 possent,

93 1706 275 1760 elimat
311 1710 435 1772 (non
467 1707 597 1761 illud
635 1723 763 1774 opus
801 1710 1108 1762 tenuissima
1143 1710 1354 1762 vincant

94 1792 334 1857 stamina,
370 1809 475 1846 non
511 1808 716 1846 summo
753 1808 884 1861 quae
920 1794 1112 1862 pendet
1148 1809 1336 1847 aranea
1370 1796 1548 1862 tigno),

94 1878 255 1944 utque
291 1877 421 1930 levis
457 1879 628 1930 tactus
665 1882 1032 1946 momentaque
1070 1894 1227 1947 parva
1262 1882 1548 1946 sequantur
2108 1888 2177 1930 180

93 1961 267 2027 efficit,
305 1964 359 2016 et
394 1962 531 2015 lecto
570 1962 890 2016 circumdata
926 1963 1143 2017 collocat
1179 1966 1302 2018 arte.

91 2048 153 2100 ut
187 2062 372 2100 venere
408 2049 583 2100 torum
621 2048 843 2101 coniunx
878 2049 931 2101 et
967 2048 1169 2102 adulter
1204 2050 1258 2102 in
1295 2066 1474 2115 unum,

93 2131 204 2185 arte
239 2131 336 2184 viri
372 2132 658 2200 vinclisque
695 2148 828 2186 nova
862 2134 1060 2187 ratione
1098 2135 1296 2203 paratis

91 2217 148 2270 in
184 2217 370 2270 mediis
408 2218 561 2271 ambo
599 2218 835 2286 deprensi
872 2220 1193 2287 amplexibus
1229 2221 1459 2274 haerent.

237 2418 316 2459 172
348 2419 536 2470 Fulgent
562 2419 690 2459 Mitol
716 2420 775 2459 II
788 2419 871 2470 fab
907 2421 998 2460 VII
1021 2421 1168 2461 Helm:
1212 2419 1354 2459 uirtus
1393 2422 1597 2471 corrupta
1633 2418 1813 2459 libidine
1850 2418 1938 2459 sole
1966 2421 2074 2459 teste
2103 2430 2175 2470 ap·

93 2491 229 2540 paret,
260 2487 373 2527 unde
404 2491 448 2528 et
476 2484 708 2530 Ouidius
735 2488 781 2528 in
803 2489 969 2540 [quinto
989 2490 1127 2542 Marc]
1156 2491 1507 2530 metamorfoseon
1536 2489 1616 2530 ait:
1641 2482 1822 2530 ‘Uidit
1852 2489 1988 2540 [uidet
2013 2490 2062 2539 G]
2091 2489 2177 2529 hic

89 2558 221 2599 deu·
250 2557 426 2598 omnia
456 2554 698 2611 primus'.

237 2630 316 2671 178
347 2629 756 2684 elimat—vincant]
787 2631 892 2672 citat
919 2634 1015 2672 haec
1044 2633 1156 2672 Mico
1186 2632 1370 2681 (Traube
1402 2633 1478 2672 PL
1507 2645 1580 2672 aev
1613 2631 1695 2672 Gar
1715 2632 1799 2670 III
1821 2628 1938 2680 284)
1966 2631 2015 2671 in
2051 2631 2177 2681 Opere

86 2701 336 2753 prosodiam
363 2698 464 2746 133,
494 2702 544 2752 ef
564 2703 621 2741 ad
648 2703 680 2742 I
704 2699 778 2743 37.

238 2867 324 2912 164
355 2880 465 2912 suos
495 2868 686 2925 tetigere
714 2869 790 2913 Hs
916 2869 1001 2914 166
1028 2869 1148 2925 rogis
1176 2869 1196 2912 i
1223 2882 1250 2911 r
1276 2880 1336 2911 m
1373 2869 1387 2923 ΙΙ
1423 2881 1536 2911 urna
1566 2881 1600 2911 r.
1630 2867 1678 2911 in
1707 2880 1799 2911 una
1827 2867 1888 2910 N
1917 2869 1932 2922 ΙΙ
1962 2866 2179 2923 requiscit

94 2965 218 3015 (corr
234 2979 283 3009 m
300 2965 347 3018 2)
371 2966 406 3020 Ζ,
434 2966 660 3023 requieuit
678 2981 706 3023 ς
819 2967 904 3012 168
923 2968 1131 3012 leueonoe
1155 2982 1182 3023 ς
1203 2967 1245 3011 L
1265 2966 1389 3011 Plan
1409 2966 1484 3010 Hs
1503 2966 1652 3022 vulgo,
1674 2965 1869 3010 leucotoe
1889 2979 1943 3008 ex
1963 2946 2180 3026 levcon⁰q

91 3038 143 3090 (ο
171 3047 267 3080 sscr
299 3050 347 3080 m
376 3036 416 3090 I,
447 3050 478 3081 u
507 3042 528 3081 t
554 3052 584 3081 a
613 3052 660 3082 m
678 3038 724 3092 2)
751 3039 809 3093 F,
850 3037 1110 3092 leucot(h)oe
1149 3038 1194 3081 0
1225 3050 1254 3081 e
1283 3039 1304 3082 Ζ
1332 3052 1359 3093 ς
1391 3057 1442 3093 ω,
1480 3036 1735 3082 leucothoen
1769 3047 1843 3088 m,
1879 3035 2081 3081 leuothoe
2109 3036 2175 3091 (th

93 3118 157 3151 σω
197 3110 328 3161 sorry
358 3109 410 3162 h,
446 3108 675 3166 Leucippe
716 3107 851 3153 Riese
1021 3109 1108 3154 170
1138 3107 1621 3165 Coepit—resferemus
1665 3107 1700 3160 (f
1727 3110 1845 3161 eras)
1886 3108 1967 3161 M,
2011 3108 2175 3153 refera-

93 3188 196 3222 mus
222 3178 280 3221 F
298 3179 337 3222 h
365 3193 394 3235 ς
424 3197 462 3224 ω
618 3179 705 3225 172
732 3179 823 3236 lhic
843 3180 891 3233 (S
911 3186 1027 3228 eras)
1047 3181 1114 3224 M
1258 3179 1343 3224 176
1371 3187 1493 3228 exue
1510 3179 1529 3223 i
1548 3193 1575 3223 r
1594 3193 1641 3223 m
1660 3178 1829 3235 amplo
1858 3179 1927 3233 N,
1958 3179 2176 3235 extimplo

94 3245 174 3297 (sic
192 3253 339 3305 saepe)
357 3263 389 3294 τ
408 3251 504 3294 Fe
534 3252 555 3295 Ζ
589 3252 604 3307 ΙΙ
643 3253 784 3309 gra(ci
813 3253 833 3297 i
851 3267 877 3296 r
896 3267 943 3296 m
962 3252 1075 3305 2)les
1104 3253 1159 3295 F
1264 3251 1347 3295 177
1369 3250 1513 3306 qui—
1521 3250 1700 3306 possint
1729 3265 1757 3306 ς
1776 3251 1851 3296 Hs
1869 3251 2002 3308 vulyo
2025 3251 2134 3295 olim
2162 3252 2178 3305 fl

94 3307 283 3366 llumina
316 3319 351 3372 (f
370 3326 488 3376 eras)
521 3323 588 3366 Μ
703 3323 788 3369 179
814 3336 898 3367 nec
929 3335 1106 3367 summo
1136 3334 1165 3365 e
1195 3322 1209 3376 ΙΙ
1245 3333 1409 3387 aranea
1439 3321 1486 3377 (a
1495 3321 1635 3377 prius
1655 3321 1675 3365 i
1697 3335 1736 3374 r,
1764 3321 1962 3366 alterum
1990 3335 2047 3365 ex
2068 3324 2176 3374 o)—

94 3388 256 3445 tixjigno
283 3391 357 3435 M
386 3392 402 3447 ΙΙ
441 3405 637 3450 aragnea
665 3395 704 3438 h
743 3394 758 3450 ΙΙ
806 3393 969 3450 tighno
999 3393 1054 3436 F
1136 3392 1251 3453 ‚180
1278 3390 1318 3446 Ε
1358 3390 1509 3447 thue
1546 3391 1604 3444 (V
1631 3407 1661 3436 a
1700 3407 1746 3436 m
1775 3391 2016 3446 2)-lebes
2057 3392 2180 3447 (corr

96 3474 144 3504 m
161 3461 207 3512 2)
234 3462 308 3506 Μ
352 3462 367 3518 ΙΙ
415 3462 532 3508 leuis
551 3464 619 3518 N,
647 3463 773 3509 leues
791 3468 880 3510 cett
906 3464 1037 3521 vulgo
1082 3464 1095 3518 ΙΙ
1138 3468 1325 3520 seqntur
1354 3464 1375 3507 Ζ
1517 3463 1601 3508 181
1631 3468 1729 3508 arte
1747 3463 1913 3519 scripsi
1930 3463 1999 3520 (ef
2010 3463 2079 3507 Pr
2099 3462 2180 3513 »ΞΘ

98 3529 222 3585 1887,
243 3533 290 3587 6)
310 3546 414 3577 cwm
441 3535 508 3578 Μ
537 3535 593 3578 F
613 3535 635 3578 Ζ
662 3547 699 3590 9
728 3537 766 3579 h
795 3550 823 3591 ς
851 3534 1090 3588 (abscisum
1116 3534 1168 3578 in
1195 3538 1256 3588 τ),
1289 3538 1419 3588 τέχνῃ
1451 3533 1590 3587 Plan,
1620 3539 1717 3579 arte
1749 3536 1842 3588 (sed
1871 3534 1952 3578 sub
1982 3547 2004 3577 r
2033 3533 2179 3578 neseio

14 3595 19 3598 ’
97 3614 210 3657 quae
239 3602 315 3648 litt
340 3604 550 3658 evanida)
579 3605 646 3659 N,
683 3611 789 3662 apte
833 3618 862 3650 e
892 3606 933 3650 Ζ2
961 3618 1021 3649 m
1049 3617 1091 3649 η
1120 3619 1148 3660 ς
1179 3623 1215 3646 ω
1259 3604 1408 3661 vulqo,
1457 3603 1550 3649 alto
1596 3604 1671 3649 Hs
1812 3605 1896 3649 182
1924 3605 1986 3649 Et
2015 3616 2180 3649 uenere

0 3707 26 3734 a,
97 3672 170 3716 M
213 3674 230 3729 Ι
277 3673 461 3719 thorum
490 3678 524 3728 (ἱ
553 3674 699 3720 locum
737 3690 832 3720 sser
868 3691 915 3720 m
943 3676 991 3729 2)
1020 3688 1049 3719 e
1190 3675 1276 3720 184
1306 3673 1574 3731 deprehensi
1605 3676 1625 3718 Ζ

0 3752 88 4088 ἰ
