2580 4088
187 877 275 928 sab
305 875 329 916 1

184 2156 262 2206 fab
297 2153 330 2194 2

361 211 464 259 714
868 212 1092 257 Lactantii
1123 212 1296 258 Placidi
1328 212 1408 268 qui
1438 212 1603 257 dicitur
1630 213 1926 260 narrationes.

357 357 425 408 46
466 355 654 422 Egeria
689 355 936 424 nympha,
975 355 1201 407 coniunx
1237 354 1551 418 Numae,·in
1587 355 1785 410 fontem

357 445 426 494 47
467 439 667 494 Glaeba
702 442 756 493 in
793 456 1013 508 puerum
1052 440 1278 492 eundem
1315 441 1491 508 Tagen
1528 441 1737 494 nomine

357 529 426 579 48
464 525 704 578 Iaculum
741 525 950 578 Romuli
987 525 1042 576 in
1080 526 1317 578 arborem

359 614 425 663 49
467 610 581 679 Cipi
618 611 759 664 frons
796 611 851 662 in
889 625 1082 662 cornua

360 701 426 749 50
467 696 808 763 Aesculapius
844 695 900 746 in
938 694 1218 748 draconem

361 786 424 835 51
468 780 659 835 Caesar
694 781 749 831 in
786 779 994 831 stellam

504 866 780 934 MysceluS,
806 865 1072 917 Alemonis
1108 864 1264 927 filius,
1288 866 1587 932 procreatus
1613 865 1783 933 ArgiS,
1809 881 1930 919 cum
1957 866 2119 934 quieti
2139 881 2194 920 se
2215 866 2458 933 dedisset,

358 951 613 1004 Hercules
669 950 809 1003 visus
862 954 952 1013 est,
1009 949 1099 1016 qui
1154 965 1276 1002 eum
1329 951 1576 1014 moneret,
1637 951 1698 1002 ut
1751 951 1977 1019 patriam
2032 950 2349 1019 relinqueret
2403 954 2460 1005 et

359 1036 648 1089 secundum
683 1037 934 1087 Aesarem
972 1050 1182 1087 amnem
1219 1035 1523 1088 consideret.
1593 1035 1682 1103 qui
1719 1051 1839 1088 cum
1876 1035 2046 1089 facere
2084 1037 2457 1104 extimesceret,

359 1122 482 1189 quia
517 1121 600 1173 lex
637 1122 835 1173 vetaret
861 1120 1093 1173 deserere
1117 1120 1341 1188 patriam
1366 1122 1419 1173 et
1443 1120 1498 1172 in
1523 1121 1681 1173 aliam
1707 1109 1973 1174 civitatem
2008 1121 2241 1187 transire,
2276 1137 2457 1176 rursus

360 1206 656 1259 admonitus
711 1207 807 1258 est.
892 1207 1132 1258 metuens
1186 1205 1362 1273 itaque
1416 1208 1630 1274 penates
1681 1221 1801 1258 suos
1849 1206 2087 1259 destituit
2133 1206 2352 1276 ideoque
2399 1208 2456 1260 in

358 1291 611 1344 iudicium
666 1290 937 1359 publicum
991 1292 1071 1343 est
1127 1291 1414 1344 devocatus.
1499 1293 1552 1344 et
1607 1307 1728 1344 cum
1778 1292 1983 1359 partem
2026 1307 2118 1359 pro
2163 1307 2219 1345 se
2266 1293 2457 1362 populi,

358 1379 566 1446 partem
604 1376 851 1430 adversus
889 1392 944 1430 se
981 1376 1211 1440 haberet,
1247 1376 1553 1429 iudicaturis
1592 1377 1779 1430 calculi
1806 1376 1911 1429 albi
1938 1391 1999 1429 ac
2022 1377 2161 1445 nigri
2187 1377 2295 1430 dati
2320 1379 2458 1442 sunt,

359 1464 419 1514 ut
465 1461 564 1514 atri
601 1461 923 1527 damnarent,
968 1461 1176 1514 candidi
1213 1462 1552 1515 absolverent.
1625 1462 1889 1530 Myscelus
1923 1461 2101 1530 itaque
2139 1462 2457 1531 praetimens

359 1547 651 1615 periculum
706 1547 889 1615 capitis
937 1547 1219 1600 Herculem
1273 1547 1543 1611 invocavit,
1598 1549 1658 1599 ut
1700 1547 1961 1600 laboranti
2013 1547 2129 1612 sibi,
2177 1547 2300 1616 quia
2345 1549 2457 1602 eius

358 1631 516 1685 iussis
565 1633 987 1700 obtemperasset,
1034 1631 1192 1685 ferret
1235 1633 1507 1694 auxilium;
1564 1633 1712 1685 cuius
1761 1647 1941 1701 preces
1987 1648 2093 1685 non
2137 1633 2195 1685 in
2245 1648 2456 1687 cassum

361 1717 615 1770 abierunt.
686 1733 811 1770 nam
859 1733 981 1770 cum
1028 1718 1216 1770 calculi
1260 1733 1400 1771 more
1439 1719 1635 1786 patriae
1673 1733 1806 1770 urna
1843 1717 1993 1770 effusi
2031 1717 2230 1771 diducti
2266 1721 2456 1783 essent,

360 1817 542 1855 omnes
590 1805 940 1871 apparuerunt
985 1803 1040 1854 in
1085 1803 1307 1855 colorem
1356 1804 1535 1856 album
1580 1804 1827 1857 conversi.
1903 1818 2063 1870 quam
2110 1803 2176 1856 ob
2219 1818 2332 1856 rem
2367 1803 2457 1856 ille

359 1889 509 1940 metu
544 1888 794 1941 liberatus
831 1904 923 1956 per
957 1887 1165 1941 Ionium
1202 1888 1418 1956 pelagus
1454 1889 1706 1956 navigans
1744 1898 1866 1941 cum
1894 1888 2106 1942 Italiam
2141 1889 2369 1942 venisset
2404 1890 2458 1942 et

360 1975 610 2025 Aesarem
658 1988 868 2025 amnem
917 1974 1188 2040 attigisset,
1234 1974 1371 2026 sicut
1412 1975 1749 2042 praeceptum
1786 1975 1913 2038 erat,
1963 1974 2150 2027 urbem
2187 1973 2460 2027 constituit

361 2074 583 2125 eamque
629 2073 660 2111 a
702 2058 933 2126 proximo
977 2059 1194 2123 tumulo,
1245 2059 1329 2111 cui
1365 2059 1523 2111 Tares
1561 2058 1793 2127 Neptuni
1839 2059 1978 2111 filius
2026 2059 2294 2112 subiectus
2330 2059 2459 2123 erat,

360 2143 645 2196 Tarentum
704 2143 996 2197 nominavit
1191 2144 1523 2212 Pythagoras
1588 2143 1796 2197 Samius
1857 2144 2193 2211 tyrannidem
2252 2143 2460 2212 fugiens

360 2244 482 2281 cum
517 2228 744 2297 patriam
773 2229 1083 2298 reliquisset,
1120 2229 1176 2281 in
1211 2229 1422 2282 Italiam
1458 2229 1600 2282 venit
1636 2233 1684 2282 et
1721 2244 1853 2296 quae
1891 2229 2143 2282 didicerat
2181 2229 2246 2282 de
2281 2245 2459 2283 rernm

505 2414 534 2457 1
562 2410 767 2470 Aegeria
794 2414 846 2458 L
865 2416 879 2468 {1
903 2412 1135 2458 coniuxL
1157 2412 1173 2467 ΙΙ
1194 2411 1362 2468 Egeria
1383 2412 1428 2455 in
1447 2411 1623 2456 fontem
1644 2411 1778 2468 vulgo
1863 2411 1892 2455 2
1921 2411 2107 2455 nomine
2123 2410 2228 2464 (coll
2241 2424 2275 2466 p
2302 2410 2400 2465 720,
2414 2410 2459 2462 9)

363 2483 561 2528 Ehwald
602 2486 617 2540 {l
658 2484 853 2529 eundem
882 2484 1038 2540 itagen
1067 2496 1235 2527 nomen
1264 2484 1329 2536 L,
1359 2482 1553 2527 eundem
1583 2487 1722 2539 tagen
1750 2495 1935 2527 nomme
1963 2482 2064 2537 (sic)
2093 2483 2141 2529 V
2178 2481 2193 2537 ΙΙ
2234 2480 2382 2540 Gleba
2410 2480 2460 2525 in

362 2555 491 2611 pueri
522 2555 718 2612 figuram
748 2560 924 2600 mutata
953 2555 1084 2612 vulgo
1174 2556 1203 2598 4
1233 2553 1336 2610 Cipi
1364 2553 1543 2610 scripsi,
1571 2554 1679 2609 cipri
1708 2554 1772 2607 L,
1806 2552 1940 2609 Gippi
1974 2552 2039 2609 VH
2060 2552 2228 2596 fonsL
2249 2552 2264 2608 ΙΙ
2288 2551 2460 2608 Gippus

362 2625 511 2670 factus
541 2633 757 2671 cornutus
786 2627 917 2683 vulyo
1060 2626 1090 2670 6
1117 2624 1182 2669 sic
1210 2626 1260 2668 L
1291 2626 1343 2678 V,
1375 2624 1518 2668 Iulius
1548 2623 1714 2668 Caesar
1741 2624 1787 2667 in
1820 2629 2028 2668 cometen
2056 2623 2190 2680 vulgo

509 2695 720 2754 Sinyulis
749 2698 923 2753 fabulis
942 2699 1305 2753 praeponuntur
1333 2696 1519 2740 numeri
1535 2695 1713 2748 Latini,
1743 2709 1837 2739 non
1859 2695 1990 2739 tituli
2015 2695 2068 2738 in
2094 2694 2146 2738 L
2165 2694 2181 2750 ΙΙ
2202 2706 2259 2737 ne
2277 2693 2463 2737 numeri

272 2773 277 2778 “
362 2768 545 2823 quidem
573 2772 764 2813 exstant
782 2769 833 2813 in
852 2770 915 2821 P,-
945 2768 1022 2812 sed
1033 2770 1146 2824 post
1163 2767 1348 2824 sinyula
1367 2769 1643 2823 aryumenta
1662 2766 1855 2810 additur
1863 2766 2001 2822 prior
2019 2778 2217 2821 quaeque
2231 2777 2346 2820 pars
2362 2763 2461 2808 eius

361 2853 531 2894 versae,
562 2854 649 2896 quo
679 2840 845 2896 incipit
871 2839 1035 2895 fabula
1065 2838 1305 2883 Ovidium.

508 2914 533 2957 7
564 2912 791 2970 Myscelus
821 2912 874 2955 ed
907 2910 1059 2967 Colon,
1090 2909 1269 2954 micilus
1298 2910 1349 2953 L
1377 2910 1440 2964 P,
1473 2907 1670 2953 Micilius
1707 2907 1757 2965 V,
1790 2906 1983 2964 Mycilus
2012 2906 2146 2963 vulyo
2196 2906 2211 2962 ΙΙ
2261 2905 2384 2961 argis
2411 2906 2466 2950 P

365 2983 411 3029 V
435 2983 585 3039 vulyo,
617 2982 741 3038 agris
769 2983 820 3026 L
934 2983 964 3027 9
994 2994 1167 3026 esarem
1194 2981 1246 3025 L
1275 2981 1328 3037 V,
1360 2993 1560 3024 cesarem
1589 2981 1643 3023 P
1692 2980 1707 3035 ΙΙ
1748 2984 1953 3023 amcffim
1983 2980 2036 3030 (ἓ)
2061 2978 2116 3021 Ρ
2161 2978 2177 3032 ΙΙ
2226 2975 2463 3022 considere

363 3055 415 3098 L
530 3054 588 3098 10
616 3059 793 3098 uetaret
820 3055 874 3098 Ρ
907 3052 957 3105 V,
1003 3057 1180 3097 uetarat
1207 3052 1258 3095 L
1309 3052 1323 3107 ΙΙ
1375 3050 1572 3095 diserere
1600 3051 1654 3094 P
1700 3051 1714 3105 Η
1765 3049 1958 3093 transire
1994 3049 2057 3102 Ρ,
2101 3048 2315 3092 transiret
2340 3049 2392 3092 L
2421 3048 2469 3095 V

365 3124 478 3179 12sq
525 3129 574 3169 et
604 3123 967 3176 cum—haberet]
998 3123 1063 3167 sic
1093 3126 1158 3175 (se
1187 3127 1234 3166 et
1262 3135 1367 3178 pop.
1396 3123 1448 3166 L
1478 3122 1542 3175 V)
1571 3122 1625 3165 Ρ
1648 3122 1699 3165 L
1729 3121 1783 3174 V,
1827 3125 1874 3164 et
1903 3133 2004 3164 cum
2035 3132 2214 3164 omnem
2240 3118 2462 3176 populum

365 3195 587 3240 adversus
607 3208 656 3240 se
675 3194 865 3240 haberet
885 3195 957 3252 (ex
976 3197 1070 3239 met
1088 3194 1186 3240 XV
1200 3193 1328 3249 43sq)
1349 3191 1480 3250 vulgo
1566 3192 1624 3237 13
1652 3190 1894 3235 iudicaturi
1922 3191 1977 3235 P
2059 3189 2194 3240 13s15
2213 3202 2266 3234 ac
2283 3190 2462 3246 nigri—

363 3266 529 3321 capitis
558 3280 631 3310 om
659 3267 714 3310 Ρ
799 3267 853 3310 14
881 3265 1058 3310 micilus
1087 3264 1157 3320 (cf
1171 3264 1239 3308 lin
1258 3264 1371 3317 7)12
1402 3263 1445 3309 V
1467 3264 1482 3319 ΙΙ
1511 3262 1789 3320 praetimens
1815 3263 1866 3305 L
1895 3262 1949 3315 V,
1979 3260 2302 3317 pertimescens
2330 3260 2462 3318 vulgo

366 3338 422 3380 15
451 3336 702 3381 laborantis
734 3338 841 3394 quia
869 3338 923 3381 P
1005 3338 1059 3382 17
1089 3336 1263 3392 patriae
1279 3336 1330 3379 L
1351 3335 1403 3388 V,
1434 3335 1581 3390 patria
1599 3335 1653 3378 P
1671 3334 1685 3389 11
1707 3346 1821 3377 urna
1841 3331 1979 3397 effusi
1999 3331 2172 3376 diducti
2189 3333 2252 3388 P,
2281 3332 2330 3375 in
2348 3344 2464 3376 urna

365 3406 505 3450 effusi
549 3407 732 3451 deducti
774 3409 825 3451 L
854 3408 901 3454 V
924 3408 1069 3464 vulyo,
1114 3408 1163 3451 in
1207 3419 1367 3450 urnam
1411 3405 1548 3449 effusi
1592 3405 1743 3449 educti
1786 3403 1854 3447 vel
1892 3416 1948 3448 ex
1985 3416 2098 3447 urna
2135 3402 2274 3447 effusi
2308 3403 2462 3447 Burm

367 3477 424 3520 19
453 3477 612 3521 iolium
640 3479 694 3522 P
711 3479 726 3534 ΙΙ
749 3491 850 3522 cum
878 3478 1053 3523 italiam
1083 3479 1136 3522 P
1161 3479 1212 3522 L
1242 3478 1294 3534 V,
1326 3490 1428 3521 cum
1472 3476 1521 3520 in
1550 3475 1729 3520 Italiam
1757 3474 1889 3530 vulgo
1975 3473 2035 3518 20
2062 3486 2234 3518 esarem
2262 3474 2317 3518 P
2341 3474 2393 3517 L
2421 3474 2470 3520 V

364 3546 423 3589 21
454 3556 572 3592 tares
600 3549 654 3592 P
678 3550 729 3593 L
758 3550 805 3596 V
828 3549 968 3605 vulgo,
1001 3564 1064 3594 an
1094 3548 1272 3593 Taras?
1302 3547 1355 3603 cf
1378 3547 1565 3591 Servius
1593 3548 1646 3591 in
1676 3546 1778 3590 Aen
1808 3545 1901 3589 III
1928 3544 2012 3589 551
2065 3544 2080 3599 ΙΙ
2130 3543 2384 3588 subiectum
2412 3545 2468 3589 P

363 3615 425 3659 22
454 3623 631 3662 tarentu
652 3620 713 3672 L,
744 3625 975 3664 tar-notum
1003 3621 1057 3664 P
1092 3621 1107 3675 ΙΙ
1151 3619 1365 3671 Queritur
1389 3619 1562 3662 interea
1592 3617 1694 3674 quis
1725 3621 1850 3661 tante
1873 3607 1933 3667 qd
1965 3614 2073 3671 (met
2101 3614 2196 3660 XV
2220 3614 2263 3669 Ι)
2292 3614 2386 3658 add
2412 3614 2468 3659 P

511 3689 569 3731 22
599 3689 872 3746 Phitagoras
899 3693 953 3735 P
1063 3691 1123 3736 23
1155 3690 1347 3734 didicuit
1373 3690 1427 3733 P

2490 709 2515 749 5

2495 1132 2542 1174 10

2494 1556 2543 1598 15

2494 1983 2543 2024 20
