2528 4088
345 228 421 267 XX

343 372 520 434 prima
570 371 775 433 paqina
821 370 1021 419 habeat
1070 369 1142 417 55
1191 380 1392 426 versus,
1448 367 1651 415 ceterae
1705 368 1932 417 60—64.
2007 368 2174 418 codex
2226 370 2429 431 iniquis

350 457 566 507 casibus
619 455 760 504 male
813 454 1036 504 habitus
1073 455 1169 513 est,
1227 451 1398 500 multa
1453 453 1551 500 aut
1586 453 1811 502 evanida
1867 455 1965 502 aut
2012 453 2201 514 deleta,
2257 454 2428 505 multa
2515 475 2525 510 ,ε

349 542 709 604 redinteqrata
734 542 879 590 sunt.
943 541 998 588 in
1020 538 1241 601 paqinis
1259 538 1439 599 prima
1466 538 1520 585 et
1546 537 1733 587 ultima
1753 553 2025 601 perpauca
2053 539 2161 602 leyi
2177 541 2427 601 possunt.
2516 527 2521 547 ²

350 628 600 676 exaratus
653 628 737 675 est
787 625 954 674 codex
987 638 1020 673 a
1059 622 1412 685 conpluribus
1463 622 1695 671 librariis
1747 623 1998 686 deinceps
2051 638 2275 674 munere
2326 638 2430 674 suo

345 712 567 775 functis.
643 711 812 759 textui
835 709 1089 758 carminis
1124 707 1341 756 additae
1382 708 1514 755 sunt
1546 707 1749 756 multae
1774 710 2107 758 correcturae
2130 710 2184 758 et
2215 709 2432 771 ylossae
2516 702 2524 763 ’,

350 812 383 846 a
421 797 645 846 diversis
681 795 936 844 manibus
972 794 1218 855 scriptae.
1295 791 1608 841 collationes
1654 794 2014 855 suppetebant
2054 794 2278 843 Henrici
2310 794 2435 844 Keil

352 884 406 931 et
443 882 669 931 Gustavi
700 878 977 942 Meyncke,
1029 878 1118 926 illa
1155 877 1283 926 olim
1331 877 1386 925 in
1422 876 1644 941 Rudolfl
1678 877 1897 938 Merkel,
1942 878 2077 928 haec
2124 879 2180 927 in
2221 878 2434 929 Ottonis

351 967 504 1016 Korn
554 980 711 1015 usum
755 965 918 1028 facta.
991 965 1158 1024 atque
1204 962 1349 1011 hanc
1392 963 1663 1025 supplevit
1707 977 1739 1011 a
1783 978 1870 1012 me
1911 965 2135 1027 royatus
2173 964 2433 1015 Camillus

358 1052 546 1112 Vitelli,
571 1051 887 1100 adulescens
906 1050 1055 1111 patri
1079 1048 1283 1111 optimo
1307 1047 1613 1109 studiisque
1636 1049 1978 1110 antiquitatis
1994 1063 2143 1098 nunc
2162 1051 2433 1100 inmatura

354 1138 527 1185 morte
563 1137 791 1198 ereptus.
867 1134 997 1182 huic
1035 1133 1209 1182 codici
1243 1131 1266 1181 l
1299 1132 1555 1181 RMerIzel
1594 1127 1711 1194 (edl
1743 1149 1786 1196 p
1823 1133 1906 1182 IV
1916 1131 2006 1196 sq)
2053 1135 2182 1184 olim
2221 1136 2432 1184 tantum

355 1222 556 1282 tribuit,
596 1223 656 1269 ut
690 1234 813 1268 eum
847 1219 1126 1268 Marciano
1162 1215 1271 1280 (M)
1302 1231 1491 1280 parem
1531 1229 1648 1267 esse
1686 1219 1959 1268 iudicaret.
2007 1220 2062 1268 et
2095 1220 2256 1269 estin
2293 1220 2436 1270 anti-

356 1306 632 1369 quissimis
670 1305 857 1354 classis
892 1304 952 1354 X
976 1305 1322 1367 propriisque
1368 1303 1874 1366 interpolationibus
1903 1318 2080 1366 paene
2115 1307 2261 1354 caret
2304 1303 2440 1368 (nisi

357 1391 506 1453 quod
551 1390 803 1440 librarius
845 1390 1061 1452 aliquas
1106 1389 1360 1438 lectiones
1396 1402 1425 1437 e
1455 1388 1667 1452 familia
1707 1387 1758 1438 0
1802 1389 2143 1438 arcessivisse
2187 1388 2433 1453 videtur).

357 1477 454 1539 qui
500 1489 833 1537 quamquam
878 1490 991 1524 non
1037 1475 1156 1523 sine
1204 1474 1391 1537 fructu
1440 1473 1746 1535 adhibetur,
1800 1488 1922 1523 cum
1963 1475 2254 1537 quaeritur,
2303 1476 2440 1538 quid

355 1563 428 1611 sit
463 1574 749 1610 commune
786 1560 973 1610 classis
1008 1559 1077 1620 X,
1117 1561 1295 1608 tamen
1323 1560 1412 1608 vix
1434 1559 1615 1619 habet,
1656 1573 1796 1620 quae
1818 1559 1894 1609 ad
1916 1561 2118 1609 textum
2144 1561 2437 1611 emendan-

358 1648 488 1696 dum
530 1646 755 1695 valeant.

292 1729 331 1780 h
501 1730 720 1780 Codex
754 1730 814 1779 H
819 1743 851 1779 a
869 1730 1176 1778 uniensis
1212 1729 1370 1789 2008,
1413 1729 1540 1778 olim
1584 1729 2033 1792 Hamburyensis,
2071 1744 2220 1780 nunc
2263 1731 2319 1780 in
2359 1731 2439 1780 bi·

362 1815 626 1865 bliotheca
663 1815 810 1878 reyia
847 1815 1154 1863 Hauniensi
1187 1816 1447 1863 servatus.
1498 1814 1679 1878 forma
1716 1816 1800 1863 est
1825 1817 2183 1876 quaternaria.
2239 1817 2444 1866 saeculi

358 1901 492 1949 XIV
539 1915 660 1949 eum
715 1914 832 1949 esse
886 1901 1115 1948 testatur
1148 1900 1442 1962 cataloqus.
1516 1899 1617 1948 sed
1666 1899 1821 1960 mihi,
1878 1914 2001 1949 cum
2057 1901 2293 1950 codicem
2330 1901 2442 1952 huc

362 1986 738 2034 transmissum
776 1999 923 2034 anno
960 1984 1103 2033 1905
1139 1986 1456 2044 excuterem,
1505 1998 1628 2033 saec
1662 1983 1808 2033 XIII
1833 1986 2021 2047 potius
2055 1986 2290 2049 scriptus
2325 2000 2444 2036 esse

364 2070 646 2119 videbatur
695 2070 1069 2131 adsensusque
1138 2071 1221 2118 est
1271 2069 1538 2118 Aemilius
1587 2069 1804 2130 Jacobs,
1875 2071 1958 2118 vir
2008 2070 2204 2120 harum
2261 2085 2441 2122 rerum

355 2156 734 2218 peritissimus.
789 2155 970 2218 forma
998 2154 1292 2203 litterarum
1326 2154 1727 2216 aliquantulum
1767 2156 1822 2203 in
1859 2155 2093 2218 anqulos
2116 2157 2227 2204 exit
2251 2155 2444 2205 Gothi-

362 2241 546 2302 cisque
582 2243 664 2289 est
697 2241 906 2289 similis.
980 2239 1148 2289 habet
1183 2253 1397 2288 carmen
1426 2240 1711 2302 inteyrum.
1776 2241 1831 2289 in
1864 2242 1978 2304 fine
2002 2242 2085 2289 est
2117 2241 2444 2303 subscriptio

361 2340 559 2375 manus
594 2326 903 2375 recentioris
938 2325 1103 2374 haec:
1138 2325 1233 2374 Fol
1272 2325 1374 2373 156
1412 2325 1516 2374 ‚Joh
1542 2325 1694 2374 Mart.
1722 2325 1996 2375 Winckler
2019 2326 2097 2375 Lt.
2123 2326 2253 2376 Rev.
2291 2325 2446 2390 Capit

363 2410 556 2459 Hamb.
595 2410 938 2460 Secretarius.
1014 2411 1069 2458 in
1110 2424 1440 2472 unaquaque
1470 2411 1675 2473 paqina
1712 2412 1845 2460 sunt
1879 2425 2065 2460 versus
2100 2411 2330 2460 38—40.
2389 2411 2446 2459 in

364 2496 608 2558 marqine
660 2498 714 2544 et
769 2497 909 2544 inter
962 2495 1131 2544 lineas
1181 2496 1483 2558 adscriptae
1536 2497 1668 2544 sunt
1708 2510 1740 2545 a
1779 2496 2005 2545 diversis
2055 2497 2312 2546 manibus
2365 2494 2446 2558 (in

367 2581 568 2642 quibus
604 2583 686 2629 est
731 2581 903 2643 ipsius
941 2578 1246 2642 Winckleri)
1284 2580 1588 2643 permultae
1623 2582 1800 2641 notae,
1848 2581 2079 2643 qlossae‚
2126 2581 2446 2644 arqumenta

280 2682 282 2684 ·
360 2665 672 2728 fabularum
729 2664 895 2728 (quae
949 2667 1128 2714 tamen
1182 2666 1588 2714 narrationibus
1634 2666 1882 2715 Lactanti
1914 2665 2122 2715 Placidi
2170 2679 2446 2728 nusquam
2504 2656 2512 2670 ⁸

366 2751 564 2799 similia
611 2749 779 2811 sunt).
855 2751 910 2798 in
966 2750 1358 2813 orthoqraphia
1395 2752 1541 2811 sunt,
1598 2764 1740 2811 quae
1774 2751 2101 2812 antiquioris
2152 2751 2450 2814 scripturae
2524 2757 2528 2812 j

370 2836 653 2884 videantur
689 2836 833 2884 velut
885 2835 1092 2884 iuncxit
1127 2835 1459 2899 reppulerint
1507 2835 1858 2899 obprobrium
1893 2836 2177 2886 karissime
2215 2834 2448 2885 oblicum
2525 2830 2528 2834 ’

369 2922 490 2970 alia.
567 2935 901 2983 quamquam
956 2921 1112 2970 haud
1162 2922 1275 2970 scio
1329 2935 1402 2970 an
1454 2921 1591 2971 haec
1643 2922 1757 2970 sint
1795 2921 2031 2985 fallacia,
2088 2921 2251 2971 latius
2303 2921 2447 2970 enim
2524 2930 2528 2955 ³

368 3007 555 3068 patent
591 3019 749 3054 casus
789 3007 842 3054 et
878 3006 1045 3055 libido
1083 3007 1304 3068 librarii,
1361 3020 1526 3068 quam
1582 3008 1644 3055 ut
1677 3006 1786 3056 hoc
1842 3007 2058 3071 infirmo
2086 3006 2450 3070 fundamento
2526 3069 2528 3072 Α

370 3091 475 3138 niti
509 3090 676 3138 liceat.
741 3090 1159 3152 adspirationem
1200 3092 1360 3140 etiam
1399 3091 1492 3140 hic
1530 3091 1638 3139 illic
1656 3091 1802 3154 falso
1827 3092 1882 3140 et
1906 3091 2161 3140 omissam
2189 3089 2450 3151 (inesuro)

372 3176 426 3224 et
455 3175 688 3237 positam
729 3174 1088 3235 (cohercebat)
1129 3176 1291 3224 vides.
1367 3176 1667 3238 conpendia
1717 3177 1850 3225 sunt
1895 3176 2066 3226 multa
2102 3189 2275 3245 eaque
2311 3187 2452 3237 quae
2521 3240 2524 3241 ⁷

373 3259 541 3308 huius
577 3260 769 3308 aetatis
823 3260 935 3308 sint
970 3262 1294 3309 communia.
1372 3261 1509 3310 illud
1559 3262 1740 3310 autem
1779 3261 2069 3310 tenendum
2123 3261 2207 3309 est
2242 3261 2298 3309 in
2334 3274 2451 3309 om-

374 3345 539 3394 nibus
573 3345 775 3393 nostris
813 3344 964 3393 libris
1017 3346 1279 3407 oirqulam
1324 3345 1385 3407 —,
1439 3360 1547 3407 qua
1596 3347 1982 3395 consonantem
2031 3346 2287 3395 omissam
2337 3357 2455 3394 esse
2525 3364 2528 3392 ;

378 3430 661 3488 indicatur,
694 3429 832 3491 poni
866 3431 919 3477 et
948 3437 1052 3491 pro
1077 3444 1131 3477 m
1169 3432 1222 3478 et
1251 3444 1355 3492 pro
1391 3445 1445 3478 n.
1522 3444 1690 3492 quare
1726 3432 1782 3479 in
1809 3429 2279 3479 terminationibus
2312 3443 2452 3479 non·
2507 3414 2528 3470 23

377 3527 677 3575 numquam
728 3514 1116 3563 dubitationem
1166 3516 1371 3563 moveri
1408 3519 1563 3575 (enea
1597 3515 1724 3576 alia)
1761 3516 1998 3578 apparet.
2072 3512 2114 3563 Ιι
2150 3515 2234 3563 est
2261 3514 2459 3577 procul
2525 3569 2528 3576 ι

379 3599 545 3647 dubio
584 3598 948 3646 memorabilis
986 3598 1304 3648 lectionibus
1340 3600 1552 3661 aliquot
1585 3602 1683 3649 aut
1719 3600 1857 3649 veris
1891 3601 1989 3648 aut
2024 3599 2136 3648 veri
2167 3598 2454 3659 sitnilibu8‚

378 3696 516 3744 quas
539 3696 685 3731 mera
713 3683 1015 3731 coniectura
1041 3682 1299 3731 Italorum
1326 3685 1472 3732 ortas
1496 3697 1612 3732 esse
1639 3684 1726 3732 vix
1750 3683 2000 3732 credibile
2025 3682 2236 3731 videtur
2259 3684 2320 3731 ut
2340 3682 2375 3731 I
2385 3682 2459 3731 15

2522 3923 2528 3959 1

2514 3961 2528 4088 3
