2580 4088
2418 172 2469 203 ‘v

400 198 502 246 630

396 346 758 395 Laurentiana
796 359 943 394 nunc
970 347 1025 394 in
1051 345 1176 394 Bibl
1197 344 1496 394 Nazionale
1530 345 1802 394 servatum
1829 347 2157 396 examinavit
2177 344 2262 411 (cf
2276 347 2480 398 NJhbb

396 431 517 490 141,
544 430 685 479 1890
719 445 757 492 ρ
782 428 985 491 349sq)
1036 430 1299 492 Georyius
1323 428 1565 478 Knaack.
1603 430 1828 479 eandem
1856 431 2091 481 codicem
2119 446 2287 482 manu
2311 434 2479 497 scrip-

398 518 511 565 tum
538 528 655 564 esse
680 515 807 564 olim
829 515 1102 576 putabant
1123 528 1189 563 ex
1212 527 1390 562 errore
1409 509 1758 575 Munckeril).
1811 515 2123 565 inscribitur
2136 519 2316 567 autem
2335 517 2481 582 falso

395 602 501 650 sic:
525 600 719 649 Donati
739 598 1070 662 grammatici
1096 598 1403 662 peritissimi
1428 598 1736 648 fabularum
1760 599 2021 651 breviatio
2048 599 2226 651 Ouidii
2250 602 2482 654 Nasonis

397 686 616 749 elegans
655 686 707 733 et
744 683 1016 732 succincta
1042 685 1095 732 et
1118 683 1290 747 primo
1330 683 1397 732 de
1437 683 1573 733 chao
1599 683 1657 732 in
1696 686 1948 747 quattuor
1986 685 2252 736 elementa
2287 687 2480 738 diuisa

397 771 543 820 hanc
579 771 885 828 editionem,
926 770 988 817 ut
1020 769 1340 831 gyravissime
1378 769 1772 831 interpolatam,
1811 771 2018 821 nullius
2049 772 2213 834 pretii
2245 786 2362 822 esse
2398 773 2420 822 l
2452 787 2482 822 c

395 856 784 905 demonstravit
823 853 1110 904 GKnaack.

541 940 774 990 Omnino
820 940 927 989 hae
963 940 1300 988 narrationes
1331 938 1646 1002 fabularum
1688 939 2073 990 Ovidianarum
2113 942 2479 1004 interpolatio-

395 1026 559 1075 nibus
589 1025 924 1088 foedissimis
973 1024 1341 1085 latissimeque
1382 1025 1699 1086 patentibus
1737 1025 2052 1087 inquinatae
2095 1027 2228 1075 sunt
2262 1040 2384 1075 cum
2424 1027 2481 1075 in

395 1112 581 1160 ceteris
645 1110 975 1160 editionibus
1039 1109 1306 1159 veteribus
1358 1110 1472 1158 tum
1524 1110 1580 1158 in
1641 1110 1977 1160 Raeneriana
2031 1108 2234 1173 (1568).
2318 1113 2484 1174 atque

397 1196 632 1246 Thomas
668 1195 947 1256 Muncker,
1005 1208 1339 1256 quamquam
1399 1195 1455 1243 in
1505 1195 1844 1258 praefatione
1878 1194 1937 1258 (p
1973 1194 2031 1258 2)
2080 1198 2216 1247 tomi
2257 1196 2488 1246 secundi

392 1281 923 1344 Mythoyraphorum
961 1281 1064 1330 Lat
1096 1281 1335 1343 ,qraviter
1371 1280 1639 1342 vituperat
1674 1280 1926 1330 Raenerii
1961 1281 2258 1341 libidinem,
2298 1282 2482 1330 tamen

393 1369 448 1416 et
484 1368 597 1429 ipse
640 1367 811 1417 edidit
856 1367 976 1416 illas
1025 1368 1086 1415 ut
1131 1367 1304 1415 multo
1352 1367 1536 1414 minus
1584 1366 1951 1429 interpolatae,
2002 1367 2076 1416 ita
2115 1366 2480 1429 interpolatas.

395 1466 562 1513 quare
601 1453 848 1515 inprimis
886 1452 944 1500 id
977 1453 1080 1515 eyi,
1116 1453 1177 1500 ut
1206 1453 1429 1500 eicerem
1458 1464 1598 1513 quae
1621 1453 1802 1500 essent
1823 1452 2143 1513 adulterina,
2180 1465 2482 1501 revocarem

395 1537 674 1586 lectionem
724 1538 984 1587 librorum
1035 1536 1351 1586 mendosam
1401 1538 1456 1585 et
1507 1536 1821 1586 lacunosam
1868 1537 2056 1586 multis
2093 1537 2240 1598 locis,
2290 1538 2352 1586 ut
2385 1538 2482 1597 est,

394 1636 650 1682 caverem,
700 1623 965 1684 quantum
1009 1623 1183 1685 potui,
1230 1635 1299 1671 ne
1343 1635 1447 1684 pro
1495 1621 1770 1671 erroribus
1815 1622 2115 1672 scribarum
2165 1621 2483 1685 corrigerem

395 1722 600 1757 errores
636 1708 927 1771 scriptoris

538 1875 579 1924 1)
608 1875 742 1924 Praef
754 1875 965 1924 Mythoyr
982 1875 1025 1913 II
1040 1886 1073 1924 p
1092 1875 1143 1913 2:
1171 1884 1422 1924 quanquam
1450 1874 1616 1913 Donato
1646 1875 1904 1923 opusculum
1933 1874 2173 1913 inscribunt
2202 1872 2482 1913 Colonienses

394 1946 579 1985 editores
609 1948 656 1985 ut
686 1949 728 1986 et
757 1946 1086 1985 chartaceus
1116 1946 1209 1985 ille
1239 1945 1420 1993 codex,
1450 1955 1582 1994 quem
1612 1945 1657 1984 in
1678 1945 1922 1984 Florentina
1951 1945 2194 1994 inspectum
2222 1942 2483 1983 bibliotheca

396 2017 451 2055 ab
485 2017 700 2056 NHeinsio
731 2017 891 2056 audisti
921 2016 1065 2055 modo.
