2580 4088
779 256 862 302 Ov.
892 256 1071 302 Metam.
1102 256 1204 306 Lib.
1233 255 1313 311 IX,
1344 270 1388 302 v.
1421 260 1658 302 150—189.
2155 261 2255 308 339

315 399 427 454 Nee
462 398 647 452 modus
684 401 778 462 est,
816 400 1027 453 sorbent
1062 399 1242 454 avidae
1278 400 1577 476 praecordia
1611 399 1871 465 flammae,

175 485 545 553 caeruleusque
581 483 702 537 fluit
735 486 844 537 toto
883 485 946 537 de
983 500 1191 553 corpore
1229 485 1399 550 sudor,

174 570 504 637 ambustique
541 570 729 621 sonant
761 570 922 634 nervi,
970 584 1226 637 caecaque
1263 570 1505 623 medullis

172 654 295 708 tabe
330 652 625 721 liquefactis
660 652 848 706 tollens
886 654 952 706 ad
988 654 1159 707 sidera
1193 655 1396 723 palmas
2185 665 2255 704 175

169 732 459 801 ‘cladibus',
495 737 751 790 exclamat
782 732 1067 802 ‘Saturnia,
1105 754 1315 807 pascere
1351 739 1561 804 nostris,

171 838 380 892 paseere
418 823 471 875 et
506 821 643 874 hane
678 824 880 890 pestem
916 825 1110 891 specta,
1147 823 1387 887 erudelis,
1423 825 1488 877 ab
1526 824 1631 877 alto

173 922 360 975 corque
396 906 566 960 ferum
602 907 759 959 satia!
795 907 877 960 vel
912 907 957 960 si
994 909 1320 962 miserandus
1357 911 1411 962 et
1445 909 1597 974 hosti,

171 993 269 1046 hoe
305 994 399 1057 est,
435 992 481 1045 si
517 991 615 1044 tibi
651 1006 785 1056 sum,
826 991 953 1044 diris
991 993 1306 1046 eruciatibus
1343 1008 1553 1060 aegram

170 1075 494 1143 invisamque
532 1076 762 1129 animam
798 1079 1082 1144 natamque
1119 1078 1383 1131 laboribus
1420 1077 1590 1131 aufer:
2184 1085 2256 1127 180

171 1161 269 1214 hoo
303 1159 434 1213 mihi
470 1176 662 1213 munus
700 1161 825 1228 erit3
863 1161 1013 1214 decet
1047 1162 1177 1215 haee
1214 1162 1335 1216 dare
1367 1162 1508 1215 dona
1542 1163 1844 1216 novercam!

172 1259 294 1313 ergo
330 1260 427 1312 ego
464 1244 761 1298 foedantem
797 1246 1066 1314 peregrino
1102 1247 1300 1316 templa
1335 1263 1513 1300 eruore

171 1329 383 1384 Busirin
421 1330 596 1383 domui
635 1346 888 1399 saevoque
927 1332 1178 1385 alimenta
1211 1333 1442 1401 parentis

170 1416 370 1468 Antaeo
408 1415 606 1483 eripui?
642 1430 739 1468 nee
773 1431 859 1468 me
895 1417 1120 1484 pastoris
1155 1415 1337 1470 Hiberi

169 1500 337 1553 forma
372 1500 572 1568 triplex,
611 1515 709 1553 nee
745 1499 911 1553 forma
947 1500 1132 1570 triplex
1169 1503 1275 1565 tua,
1310 1500 1544 1565 Cerbere,
1580 1501 1779 1556 movit}>
2183 1509 2253 1550 185

170 1601 341 1649 vosne,
377 1600 579 1649 manus,
616 1585 772 1637 validi
808 1586 1071 1653 pressistis
1108 1600 1302 1638 cornua
1336 1586 1511 1638 tauri?

169 1672 402 1723 vestrum
440 1685 568 1738 opus
606 1668 715 1722 Elis
751 1669 928 1734 habet,
963 1670 1194 1722 vestrum
1233 1669 1622 1738 Stymphalides
1658 1669 1828 1722 undae

169 1754 614 1821 Partheniumque
649 1752 878 1807 nemus?
914 1755 1086 1806 vestra
1123 1754 1313 1806 virtute
1349 1754 1546 1807 relatus

168 1839 630 1893 Thermodontiaco
667 1837 898 1891 caelatus
936 1838 1140 1892 balteus
1178 1853 1303 1892 auro

311 2011 447 2062 178-η
479 2010 652 2051 Octavia
681 2007 800 2050 212:
830 2008 956 2048 euius
984 2020 1114 2060 gener
1142 2012 1210 2048 est
1237 2009 1329 2060 qui
1360 2008 1468 2050 fuit
1494 2009 1683 2050 hostis.

310 2082 388 2124 181
415 2081 660 2133 Walahfrid
678 2080 862 2120 Straba-s
879 2081 964 2120 ΙΠ
981 2077 1042 2120 94
1071 2078 1560 2132 (Dumunler11307):
1606 2080 1754 2128 Quod
1782 2080 1887 2120 tibi
1916 2092 2104 2120 munus
2132 2079 2250 2120 erit.

309 2154 390 2196 184
421 2153 502 2193 Sen
530 2154 643 2192 Herc
680 2152 754 2192 Oet
781 2149 930 2193 1203:
988 2162 1089 2189 non
1121 2182 1131 2192 .
1163 2181 1174 2192 .
1204 2150 1409 2191 Hibera
1436 2151 1542 2191 vicit
1571 2151 1730 2191 turba
1757 2151 1994 2203 pastoris
2023 2147 2121 2191 feri.

308 2225 386 2267 187
418 2221 828 2275 Stymphalides
858 2221 1055 2271 undae]
1091 2223 1173 2262 huc
1203 2226 1302 2271 (non
1339 2223 1516 2273 adsast
1541 2224 1600 2262 II
1622 2219 1735 2273 273)
1757 2223 1975 2273 pertinent
2001 2234 2107 2272 quae
2136 2221 2253 2261 davit

164 2298 320 2338 Notker
347 2294 569 2350 (Boethius
597 2296 646 2334 de
676 2294 783 2334 Cone
805 2292 963 2344 philos,
994 2293 1044 2344 cf
1065 2293 1244 2343 PPiper,
1275 2293 1491 2345 Schriften
1520 2294 1699 2333 Notkers
1726 2295 1819 2333 und
1847 2307 1870 2334 ε
1899 2293 2049 2333 Schule
2069 2294 2099 2332 Ι
2113 2290 2249 2355 299);

165 2379 191 2408 a
220 2365 426 2419 rapiendo
455 2364 684 2416 geheizene
716 2362 803 2413 [die
833 2363 953 2421 arpiq
983 2362 1042 2413 sc]
1080 2391 1091 2402 .
1126 2362 1301 2406 uuanda
1329 2374 1434 2414 arpo
1460 2374 1584 2414 grece
1613 2395 1623 2405 .
1654 2362 1775 2414 rapio
1811 2362 1902 2403 chit
1930 2362 2062 2402 latine
2093 2392 2103 2403 .
2131 2361 2250 2402 Aber

83 2448 86 2450 ·
164 2436 386 2480 enidius
412 2435 553 2476 heizet
583 2435 643 2475 sie
675 2433 1006 2486 stiphalidas
1036 2462 1047 2474 .
1077 2445 1103 2473 a
1132 2432 1319 2485 stiphalo
1347 2433 1480 2473 fluuio
1501 2465 1511 2475 .
1532 2433 1580 2485 pi
1608 2432 1732 2473 demo
1760 2433 2006 2474 hercules
2035 2435 2082 2472 in
2112 2433 2206 2473 faht
2234 2464 2247 2475 .

163 2509 316 2550 sonnio
344 2506 476 2548 ehede
505 2538 517 2548 .
547 2506 627 2546 daz
655 2517 713 2546 ar
723 2507 966 2561 gonaute‘
992 2503 1053 2542 sie
1082 2503 1289 2543 fertriben
1319 2504 1385 2555 [cf
1405 2508 1487 2544 met
1522 2505 1614 2545 VII
1637 2501 1696 2554 3]-

303 2659 389 2705 172
416 2658 581 2704 modus
603 2690 611 2699 .
633 2656 878 2702 exsorbent
905 2655 980 2700 Hs
1095 2656 1180 2700 174
1211 2654 1543 2712 Combustique
1570 2671 1598 2712 ς
1648 2657 1662 2711 ΙΙ
1712 2657 1950 2712 eaeealque
1980 2660 2018 2708 (s
2047 2658 2163 2708 eras)
2192 2656 2254 2699 N

163 2733 249 2778 175
275 2730 468 2777 tendens
512 2744 540 2786 ς
583 2729 659 2773 Hs
830 2727 916 2773 176
959 2726 1204 2778 exclamast
1233 2730 1279 2778 (n
1308 2731 1425 2780 eras)
1470 2727 1544 2770 M
1722 2728 1806 2771 177
1849 2726 1966 2771 hanc
2009 2725 2182 2771 cladem
2219 2740 2247 2782 ς

162 2802 248 2848 178
259 2816 309 2859 sq
339 2807 386 2847 et
414 2801 503 2846 osti
532 2801 587 2844 N
634 2799 649 2855 ΙΙ
698 2798 800 2843 Hoc
829 2806 900 2843 est
926 2797 965 2841 si
995 2796 1078 2842 tibi
1115 2797 1162 2840 0
1189 2799 1210 2841 l
1238 2809 1275 2852 a
1295 2796 1482 2854 Merkel
1491 2798 1521 2851 ²,
1551 2797 1722 2850 Ho(stis
1750 2799 1769 2840 i
1797 2812 1823 2841 r
1852 2811 1897 2841 m
1926 2797 1970 2851 3)
2001 2797 2039 2841 si
2069 2796 2156 2841 tibi
2185 2798 2246 2850 F,

161 2873 320 2919 Hostis
352 2873 390 2917 si
419 2871 506 2916 tibi
535 2883 564 2915 e
593 2885 634 2927 ς,
678 2869 838 2915 Hostis
867 2868 985 2913 enim
1015 2867 1103 2912 tibi
1134 2870 1172 2912 h
1202 2882 1230 2924 ς
1261 2886 1297 2909 ω
1327 2868 1460 2924 vulyo
1489 2868 1599 2912 olim
1653 2869 1667 2924 ΙΙ
1718 2867 1841 2912 duris
1870 2869 1924 2912 Ν
1951 2882 1978 2923 ς
2037 2868 2051 2923 ΙΙ
2102 2867 2177 2911 vel
2207 2869 2247 2911 si

99 2947 106 2959 ”
161 2942 444 2990 miserandus
486 2946 534 2987 et
573 2940 720 2985 hostis
764 2941 797 2992 [i
832 2954 856 2984 e
890 2939 959 2984 vel
993 2939 1036 2983 si
1072 2939 1361 2983 miserandus
1398 2941 1445 2982 et
1476 2937 1618 2983 hostis
1659 2937 1960 2990 estJ—hostis
2003 2937 2122 2983 enim
2159 2937 2244 2982 tibi

163 3028 349 3060 sum—z
378 3013 491 3058 diris
518 3026 568 3067 sq
588 3026 627 3068 p
647 3011 706 3057 94
723 3010 882 3067 Bothe,
911 3010 987 3055 vel
1019 3009 1058 3054 si
1088 3022 1147 3053 m.
1178 3015 1224 3054 et
1252 3008 1374 3053 hosti
1403 3009 1487 3053 hoc
1515 3015 1644 3054 aestu
1672 3008 1760 3053 tibi
1789 3022 1889 3054 sum
1919 3009 2098 3053 Merkel
2110 3010 2136 3064 ²,
2169 3008 2244 3053 vel

22 3051 32 3071 ὲ
110 3091 114 3097 “
162 3085 203 3131 ui
228 3098 287 3130 m.
320 3090 367 3129 et
394 3083 452 3141 h.,
486 3082 609 3128 hosti
639 3083 678 3126 si
708 3081 792 3126 tibi
822 3094 921 3126 sum
944 3080 1172 3136 Zinyerle‚
1203 3078 1482 3124 vel—hostis
1510 3092 1599 3135 ego
1629 3079 1715 3124 tibi
1745 3093 1844 3124 sum
1874 3079 2095 3124 HAKoch
2114 3081 2129 3135 ΙΙ
2151 3094 2243 3124 ver·

161 3169 264 3202 sum
285 3155 371 3200 179
387 3154 461 3199 del
476 3154 611 3199 Korn
728 3153 812 3197 179
841 3155 1039 3208 aeg(ram
1069 3151 1132 3194 ir
1160 3164 1206 3193 m
1226 3149 1270 3203 2>
1298 3150 1371 3194 Μ
1486 3150 1574 3195 180
1598 3155 1847 3207 notamque
1867 3162 1913 3205 p
2028 3151 2113 3196 181
2142 3150 2244 3195 Hoc

159 3226 273 3272 mihi
300 3226 448 3282 recepi
476 3238 531 3269 eoe
558 3224 618 3268 N
640 3224 809 3268 cSenat
829 3224 844 3279 ιι
865 3222 990 3267 Mors
1008 3221 1121 3265 mihi
1141 3224 1214 3273 (ex
1235 3220 1451 3276 trist12,
1471 3220 1544 3274 52)
1571 3233 1614 3265 n
1640 3223 1730 3266 cett
1750 3239 1787 3262 ω
1816 3221 1949 3277 vuzyo
1971 3222 1986 3276 ιι
2007 3227 2192 3265 novera
2222 3222 2243 3263 ι

161 3297 247 3343 182
262 3309 437 3354 peregr.
457 3294 679 3349 sanguine
696 3293 866 3350 templa
892 3307 920 3349 ς
1004 3291 1091 3337 183
1109 3291 1305 3335 Busirim
1325 3293 1380 3335 N
1397 3306 1437 3346 ς,
1466 3291 1736 3349 Busyridem
1757 3304 1798 3348 e,
1819 3291 1968 3336 Busiri
1988 3293 2027 3336 h
2047 3293 2062 3346 ΙΙ
2084 3290 2241 3335 domui

164 3366 347 3412 busirim
367 3367 470 3411 Ben
505 3367 520 3422 ΙΙ
555 3365 760 3410 indomui
789 3364 849 3408 N
879 3364 894 3419 ΙΙ
931 3375 1135 3419 seuoque
1162 3362 1226 3405 ir
1254 3363 1335 3405 F2
1451 3361 1534 3406 184
1562 3361 1752 3406 Antheo
1773 3362 1818 3412 (h
1839 3363 1858 3406 i
1876 3376 1902 3406 r
1929 3366 1986 3414 η)
2016 3362 2077 3405 N
2100 3363 2139 3405 h
2168 3362 2189 3404 l
2222 3366 2237 3414 ιι

161 3435 335 3496 Hyberi
362 3438 443 3491 M,
471 3436 592 3482 Iberi
621 3451 648 3493 ς
677 3436 807 3492 vulqo
837 3435 947 3479 olim
1065 3432 1149 3477 186
1175 3433 1381 3488 presistis
1410 3435 1448 3484 (s
1467 3446 1561 3476 eser
1580 3447 1627 3475 m
1646 3433 1690 3484 2)
1718 3434 1791 3477 Μ
1899 3432 1983 3477 187
2014 3431 2239 3484 Ue(strum

161 3506 182 3552 z·
207 3521 234 3552 r
259 3521 306 3552 m
333 3508 381 3561 2)
410 3509 465 3552 F
505 3508 520 3562 ΙΙ
570 3507 698 3551 Helis
725 3506 798 3550 Μ
822 3520 850 3561 ς
899 3505 914 3559 ΙΙ
965 3502 1190 3548 stifalides
1228 3507 1345 3554 (corr
1373 3517 1420 3547 m
1449 3502 1493 3555 2)
1523 3503 1590 3559 N,
1635 3502 1931 3559 stinphalides
1976 3504 2026 3557 h,
2071 3500 2240 3559 Stipha-

126 3608 130 3609 ν
162 3574 276 3624 lidos
304 3577 408 3623 Ben
445 3578 460 3634 11
503 3577 600 3622 Elis
629 3583 676 3622 et
704 3582 774 3621 est
810 3580 1010 3620 vestrum
1041 3573 1102 3617 ad
1123 3573 1248 3617 Iaoer
1278 3573 1316 3616 V
1334 3573 1396 3618 32
1420 3571 1678 3629 Wakefield,
1709 3579 1910 3617 vestrum
1941 3578 2012 3617 est
2039 3572 2092 3616 E.
2124 3584 2240 3628 opus

31 3655 40 3662 ⁴
162 3647 231 3692 vel
256 3655 456 3693 vestrum
487 3660 603 3703 opus
631 3647 683 3691 E.
725 3652 822 3691 erat
850 3645 923 3689 Hs
1093 3643 1180 3688 189
1207 3643 1663 3688 Thermodoonciado
1692 3645 1747 3698 F,
1794 3642 2153 3688 termoeoneiaeo
2189 3644 2239 3697 h‚

162 3714 585 3775 Termodoontyaco
614 3729 655 3774 e,
685 3715 1128 3761 Thermodoontiaco
1158 3726 1195 3768 9
1224 3729 1251 3769 ς
1279 3714 1335 3767 V,
1364 3713 1682 3758 Termontiaco
1711 3714 1813 3758 Ben

1811 3785 1897 3827 22*
