2580 4088
890 238 1025 284 Liber
1051 238 1153 285 XV.
1183 237 1276 283 fab.
1300 241 1452 282 5—25.
2111 242 2211 289 717

0 433 2 435 ,
129 381 398 435 redactum
434 379 699 448 eruptione
734 381 960 449 spiritus,
999 381 1087 449 qui
1123 385 1286 434 terrae
1310 381 1599 435 increverat
1757 381 1932 435 Lacus
1957 383 2011 435 in
2038 384 2212 437 Africa
2232 395 2315 445 fab
2343 392 2405 435 15

0 462 42 532 Ξ(
128 465 438 520 Hammonis
489 464 612 517 solis
656 466 772 517 ortu
814 465 1045 532 frigescit
1091 466 1398 534 obiectuque
1446 466 1568 519 solis
1614 465 1840 529 calescit,
1885 468 2216 534 postmodum

0 619 13 623 st
127 551 184 604 in
219 550 442 618 glaciem
476 548 694 603 vertitur
857 550 927 605 In
952 551 1271 604 Athamanta
1306 551 1508 618 lignum
1545 552 1760 604 tenuata
1795 551 1921 603 luna
1948 552 2217 606 admotum
2238 564 2319 612 fab
2349 560 2408 604 16

0 659 3 709 f
127 635 260 689 fonti
302 634 602 688 accenditur
778 635 1005 689 Flumen
1051 650 1254 703 quoque
1301 635 1438 704 apud
1483 635 1703 689 Ciconas
1740 636 1834 705 est,
1879 651 1941 689 ex
1988 652 2090 704 quo
2128 639 2217 706 qui
2237 648 2320 697 fab
2348 644 2410 687 17

0 715 13 762 Γ
65 726 92 771 5
126 719 272 778 bibit,
310 720 366 772 in
401 718 628 788 lapidem
653 720 967 773 convertitur
1111 720 1316 776 Crathis
1344 719 1513 773 amnis
1545 720 1760 773 confinis
1788 719 1972 789 Sybari
1998 723 2210 790 capillos
2232 732 2314 782 fab
2343 728 2404 772 18

6 806 10 807 ⁷
126 804 268 858 aurei
312 805 495 858 coloris
531 802 691 858 efficit
870 805 1126 860 Salmacis
1163 804 1277 858 fons
1315 805 1372 858 in
1408 804 1561 859 Caria
1598 806 1843 858 contactu
1879 805 1960 858 sui
1996 806 2210 873 liquoris
2235 817 2317 867 fab
2348 813 2406 856 19

124 889 262 957 cogit
284 890 340 942 in
363 889 636 942 mollitiem
662 889 889 955 corporis
915 890 1157 942 obscaeni
1184 890 1338 958 verti3
1378 890 1628 943 beneficio
1654 890 1896 943 Mercurii
1921 892 1974 943 et
1998 891 2217 944 Veneris

125 974 313 1027 dicitur
356 989 469 1027 esse
513 973 712 1026 factum
892 975 1067 1029 Lacus
1112 977 1193 1028 est
1236 975 1290 1027 in
1341 975 1627 1043 Aethiopia,
1670 975 1857 1028 hausto
1905 976 2102 1044 liquore
2147 977 2211 1029 ad
2234 986 2315 1037 fab
2345 982 2414 1025 20

123 1059 266 1112 sitim
301 1058 587 1112 sedandam
624 1062 716 1111 aut
751 1060 806 1111 in
841 1060 1101 1112 insaniam
1139 1063 1230 1112 aut
1264 1061 1321 1112 in
1359 1075 1598 1128 soporem
1635 1061 1789 1113 vertit
1968 1061 2211 1117 Clitorius
2233 1071 2315 1121 fab
2344 1067 2402 1109 21

23 1146 87 1195 ‘io
120 1143 236 1196 fons
272 1143 328 1196 in
352 1143 573 1197 Arcadia
597 1144 777 1197 vinum
812 1145 868 1197 in
904 1145 1081 1197 odium
1107 1144 1336 1209 adducit,
1375 1145 1511 1212 quod
1537 1145 1847 1214 Melampus,
1873 1147 2215 1215 Amythaonis

2 1297 7 1299 ‚
120 1228 272 1293 filius,
308 1228 577 1282 Proetidas
615 1244 736 1282 cum
773 1229 837 1282 ab
875 1229 1079 1282 insania
1103 1230 1393 1299 liberasset,
1429 1230 1708 1283 novissime
1748 1232 1978 1285 remedia
2012 1232 2067 1283 in
2094 1247 2215 1284 eum

84 1305 392 1382 'proiecisse
446 1313 611 1367 fertur
796 1314 1111 1382 Lyncestius
1161 1315 1330 1367 amnis
1374 1314 1628 1367 Thraciae
1676 1316 1812 1368 hanc
1863 1315 1968 1369 vim
2014 1316 2215 1369 obtinet
2234 1324 2316 1374 fab
2345 1322 2414 1364 22

118 1399 374 1467 potestate
409 1401 625 1463 mutata,
661 1400 721 1451 ut
758 1414 949 1466 aquam
987 1399 1098 1451 eius
1135 1399 1375 1452 bibentes
1413 1400 1542 1452 ebrii
1578 1399 1708 1452 fiant
1884 1401 1954 1455 In
1989 1400 2211 1454 Arcadia
2232 1410 2315 1460 fab
2345 1406 2411 1450 23

119 1483 407 1536 secundum
426 1482 671 1536 Pheneon
688 1484 871 1536 urbem
891 1498 1055 1550 aquae
1075 1482 1329 1552 feruntur,
1359 1499 1491 1551 quae
1518 1487 1671 1552 potae
1692 1485 1843 1537 nocte
1868 1487 2072 1554 nocent,
2092 1485 2208 1538 luce

35 1573 84 1617 ¹5
119 1569 296 1621 autem
357 1569 609 1621 innocuae
671 1570 1053 1636 cognoscuntur
1252 1568 1632 1637 Symplegades
1694 1571 1872 1621 cautes
1930 1570 1988 1621 in
2043 1570 2209 1622 Ponto
2230 1579 2313 1629 fab
2342 1575 2409 1618 24.

118 1654 484 1706 concurrentes
525 1652 737 1706 flatibus
774 1653 957 1706 solitae
993 1652 1190 1706 moveri
1227 1669 1371 1706 nunc
1409 1653 1538 1706 fixae
1575 1652 1932 1706 fundamentis
1969 1655 2214 1706 tenentur

115 1737 230 1790 loco
406 1737 589 1801 Aetna,
631 1752 782 1790 mons
819 1735 1042 1802 Siciliae,
1079 1737 1135 1790 in
1179 1737 1357 1805 ignem
1396 1738 1527 1790 verti
1574 1738 1755 1806 coepit,
1799 1753 1921 1791 cum
1963 1738 2019 1790 in
2062 1738 2209 1790 initio
2231 1748 2312 1798 fab
2342 1745 2411 1788 25

256 1865 285 1907 1
316 1863 395 1919 qui
423 1864 569 1920 vulyo,
601 1864 786 1919 que(q;)
815 1863 869 1907 P
892 1863 958 1918 L,
988 1875 1106 1919 quae
1144 1861 1187 1908 V
1238 1864 1253 1918 ΙΙ
1310 1863 1497 1919 terr(a)e
1516 1865 1570 1908 P
1597 1863 1806 1920 Vvulyo,
1836 1869 1956 1907 terra
1983 1864 2034 1907 L
2075 1864 2090 1918 Ι(
2130 1863 2215 1907 Est

115 1945 262 1991 prope
290 1933 491 1991 pitheam
521 1928 578 1986 qd
609 1934 728 1988 (296)
757 1935 849 1978 add
877 1935 932 1978 P

256 2006 285 2048 1
313 2005 459 2059 Lacus
486 2006 540 2049 Ρ
562 2006 613 2049 L
650 2003 699 2058 V,
729 2004 852 2050 Fons
880 2005 1015 2062 vulqo
1158 2005 1188 2048 2
1216 2004 1481 2049 hammonis
1509 2006 1564 2049 P
1590 2005 1641 2048 L
1675 2004 1729 2060 V,
1766 2005 2005 2050 Ammonis
2035 2004 2167 2062 vulyo
2190 2007 2205 2060 ΙΙ

114 2073 224 2119 solis
255 2075 608 2128 ortu—calescit]
638 2076 703 2120 εἰσ
730 2077 784 2120 P
808 2077 859 2120 L
889 2076 939 2130 V,
987 2075 1098 2121 solis
1129 2081 1234 2121 ortu
1263 2075 1486 2132 obituque
1516 2076 1597 2120 cal.
1630 2075 1764 2132 vulyo
1814 2076 1829 2131 11
1879 2075 2080 2120 Plurima
2108 2089 2211 2121 cum

115 2144 309 2189 subeant
337 2138 396 2197 ‘lc’
425 2145 542 2200 (307)
571 2146 662 2190 add
690 2136 747 2190 Ρ

249 2215 340 2271 3sq
367 2217 421 2260 In
450 2216 735 2261 Athamanta
770 2217 946 2273 scripsi,
991 2216 1272 2261 Athamanta
1312 2217 1366 2260 P
1390 2217 1441 2260 L
1478 2217 1524 2263 V
1569 2216 1583 2272 ΙΙ
1635 2216 1862 2261 acceditur
1897 2218 1948 2260 L
1997 2218 2012 2272 ΙΙ
2062 2217 2210 2262 Atha-

114 2285 262 2330 manis
289 2286 550 2332 Thessaliae
585 2288 788 2343 regionis
828 2287 950 2332 fonti
987 2287 1163 2343 lignum
1204 2292 1391 2331 tenuata
1441 2287 1548 2331 luna
1584 2287 1700 2331 adm.
1732 2287 1993 2332 accenditur
2034 2288 2206 2344 vulqofl

114 2355 330 2401 Admotis
359 2357 631 2403 athamantis
652 2354 712 2413 Ἶό
741 2359 812 2413 (31
817 2358 857 2411 Ι)
886 2359 978 2402 add
1007 2359 1060 2402 P

252 2429 282 2472 4
310 2441 506 2487 cyconas
534 2429 584 2472 L
623 2428 666 2474 V
708 2430 722 2485 ΙΙ
774 2435 843 2474 est
872 2443 946 2473 om
974 2430 1028 2472 P
1061 2429 1077 2484 11
1131 2428 1319 2473 Flumen
1362 2427 1534 2472 habent
1562 2427 1742 2472 cicones
1771 2421 1828 2479 Ἳό
1859 2428 1976 2482 (313)
2003 2429 2100 2474 add
2128 2431 2182 2474 P

254 2499 337 2554 δερ
369 2498 764 2553 Crathis—efficit]
795 2501 859 2544 εἰσ
888 2499 986 2555 fere
1010 2501 1061 2543 L
1091 2498 1140 2555 V,
1180 2498 1327 2544 Gratis
1356 2498 1531 2542 fluuius
1562 2498 1759 2543 colorem
1788 2498 1838 2542 in
1868 2500 2043 2544 uarium
2074 2501 2211 2545 uertit

113 2571 166 2614 P
211 2570 227 2626 ΙΙ
277 2568 427 2615 Cratis
453 2572 504 2615 L
532 2572 595 2626 P,
627 2570 805 2616 Ohratis
834 2572 881 2618 V
925 2571 940 2627 ΙΙ
990 2570 1137 2615 amnis
1168 2577 1215 2615 et
1246 2571 1287 2615 ei
1318 2569 1442 2615 conf.
1476 2569 1663 2627 Sybaris
1692 2571 1826 2627 vulgo
1939 2571 1969 2615 6
1998 2569 2208 2615 efficitL

113 2639 165 2697 V,
195 2640 405 2686 efficiunt
432 2642 568 2699 vulyo
620 2643 638 2697 ll
685 2642 834 2687 Oratis
865 2649 912 2686 et
939 2641 1044 2686 hinc
1072 2641 1250 2698 sybaris
1280 2636 1340 2694 Ἶό
1373 2640 1494 2694 (515)
1524 2641 1615 2684 add
1644 2642 1698 2684 P

44 2741 53 2755 .-
254 2713 279 2756 7
310 2711 535 2757 beneficio
564 2714 618 2757 P
642 2713 693 2757 L
737 2712 779 2770 V,
826 2712 952 2770 quod
984 2711 1131 2758 benef.
1170 2712 1304 2770 vulyo
1357 2713 1372 2768 [1
1427 2711 1652 2768 Quodque
1682 2711 1829 2768 magis
1857 2711 2020 2756 mirum
2052 2717 2121 2756 est
2150 2707 2209 2764 ‘lc'

250 2853 280 2898 8
307 2852 473 2898 hausto
502 2854 555 2897 P
579 2854 630 2898 L
658 2854 712 2907 V,
751 2853 830 2910 qui
858 2852 1023 2899 hausto
1052 2853 1189 2910 vulyo
1332 2854 1362 2898 9
1393 2858 1473 2897 aut
1518 2854 1567 2897 in
1614 2853 1687 2897 ins
1714 2853 1768 2896 P
1794 2854 1848 2906 V,
1893 2858 1973 2897 aut
2000 2854 2084 2898 ins.
2114 2854 2164 2896 L
2193 2852 2207 2909 ss

107 2923 247 2968 uertit
272 2924 327 2967 P
351 2924 399 2970 V
421 2924 567 2981 vulgo,
605 2926 825 2981 peruertit
852 2925 903 2968 L
951 2928 965 2978 u
1017 2924 1329 2981 Ethiopesque
1359 2924 1482 2968 lacus
1512 2918 1576 2977 ἰε’
1609 2923 1726 2978 (320)
1755 2925 1847 2968 add
1875 2925 1928 2968 P

250 2994 281 3038 9
310 2993 525 3039 Clitorius
551 2995 605 3038 P
629 2995 774 3052 vulqo,
804 2995 1032 3053 Clytorius
1061 2996 1115 3050 V,
1148 2994 1389 3053 Clytonius
1417 2997 1467 3040 L
1615 2995 1673 3039 10
1703 2995 1884 3039 arcadia
1914 2996 1966 3049 V,
1998 2995 2208 3040 archadia

109 3065 173 3118 P,
201 3063 414 3110 archaida
441 3066 491 3108 L
541 3066 556 3121 ΙΙ
606 3065 945 3124 ami(y)thaonis
972 3067 1026 3111 P
1061 3066 1109 3120 V,
1157 3067 1435 3111 amitheonis
1464 3067 1515 3110 L
1660 3068 1716 3111 11
1746 3065 1954 3122 proetida
1983 3067 2037 3110 P
2082 3067 2097 3122 ΙΙ
2148 3066 2205 3111 ab

110 3148 184 3179 om
214 3135 269 3179 P
310 3135 326 3192 Ι
378 3134 565 3180 Clitorio
597 3137 868 3193 quicumque
898 3136 1020 3181 sitim
1050 3130 1108 3190 ‘16
1138 3137 1253 3189 (322)
1284 3137 1377 3181 add
1406 3138 1459 3181 P

121 3265 127 3272 μ
247 3205 304 3251 12
331 3206 602 3264 Lyncestius
629 3207 775 3264 vulgo,
804 3207 1089 3252 Linchestius
1118 3209 1172 3252 P
1206 3209 1270 3261 L,
1302 3207 1608 3266 Lynchestius
1638 3208 1685 3254 V
1726 3208 1741 3264 ΙΙ
1782 3207 1955 3252 Traeiae
1985 3208 2038 3262 V,
2067 3207 2207 3252 tracie

111 3277 166 3320 P
188 3277 239 3320 L
288 3277 303 3333 ΙΙ
352 3276 471 3321 Huic
498 3277 604 3322 fluit
632 3277 799 3323 effectu
829 3273 887 3331 qd
919 3278 1035 3332 (329)
1065 3278 1159 3323 add
1188 3280 1243 3324 P

248 3349 361 3403 148q
390 3347 608 3393 Pheneon
636 3349 812 3406 scripsi,
850 3348 1030 3394 heneon
1057 3351 1120 3403 P,
1158 3349 1348 3406 phoenin
1385 3351 1449 3404 L,
1488 3349 1698 3394 Phoenon
1727 3350 1780 3406 V,
1811 3348 2001 3393 Phenon
2029 3349 2200 3406 vulqoss

104 3422 240 3462 nocte
268 3424 377 3474 pote
405 3419 458 3463 P
503 3419 518 3475 11
568 3425 937 3474 congnoscuntur
963 3421 1017 3464 P
1063 3421 1079 3477 11
1130 3421 1215 3466 Est
1243 3421 1372 3466 locus
1403 3420 1616 3465 archadio
1645 3415 1704 3472 Ἱὸ
1736 3419 1851 3473 (332)
1881 3420 1973 3463 add
2000 3421 2055 3464 P

216 3488 328 3544 158q
355 3489 420 3533 εἰσ
449 3488 812 3545 (Simphlegades
843 3491 916 3543 P)
945 3491 998 3534 P
1026 3492 1076 3535 L
1109 3493 1162 3545 V,
1194 3491 1393 3548 Ortygia
1416 3491 1568 3535 insula
1589 3491 1696 3536 olim
1717 3490 1901 3535 mobilis
1921 3496 2020 3535 crat
2042 3526 2051 3536 .
2076 3491 2204 3550 Sym·

101 3557 317 3615 plegades
347 3572 530 3616 quoque
560 3565 714 3605 cautes
742 3574 791 3616 sq
820 3561 954 3618 vulyo
1003 3561 1018 3618 ΙΙ
1067 3561 1278 3618 imponto
1314 3563 1364 3606 L
1489 3562 1547 3607 16
1575 3567 1892 3607 concurrentes
1922 3561 2065 3619 vulgo,
2096 3575 2205 3608 con-

103 3635 308 3675 currente
334 3631 388 3675 P
412 3632 462 3675 L
492 3631 538 3677 V
580 3631 595 3686 ΙΙ
645 3631 718 3676 Sic
746 3631 858 3676 alias
887 3632 1043 3689 aliasq;
1078 3627 1137 3685 ‘lc'
1171 3633 1290 3686 (335)
1322 3632 1416 3677 add
1445 3634 1498 3676 P

242 3701 297 3746 17
305 3715 355 3756 sq
357 3714 448 3757 pro
462 3702 540 3758 fab
555 3702 617 3748 25
625 3701 705 3746 hos
714 3716 869 3747 versus
880 3702 1238 3760 Ovz‘dianos(340
1245 3703 1309 3761 sq)
1329 3706 1563 3758 tamquam
1582 3703 1756 3748 iustam
1771 3703 1980 3761 fabulam
1994 3704 2126 3750 habet
2138 3706 2200 3749 P:
