2554 4094
371 246 468 287 VIII

371 405 484 441 non
538 402 603 438 ex
642 400 753 436 uno
808 386 907 434 sed
959 386 1310 448 conpluribus
1370 384 1520 432 libris
1557 382 1999 442 describerentur,
2057 383 2115 431 id
2147 385 2230 432 est
2273 385 2458 434 conta-

370 468 778 533 minarenturl).
876 473 1106 519 ceterum
1159 468 1627 530 Metamorphoses
1682 467 1807 516 inde
1860 480 1892 516 a
1949 480 2071 516 saec
2123 467 2237 516 XII
2283 468 2460 532 magis

372 562 656 624 mayisque
687 557 958 620 placuisse
994 557 1047 604 et
1081 554 1490 603 admirationem
1530 552 1789 601 habuisse
1825 565 1891 601 ex
1926 565 1990 601 eo
2027 551 2272 616 efficitur,
2311 552 2463 615 quod

377 648 458 696 bis
497 647 551 694 in
600 643 737 692 alios
773 654 1048 690 sermones
1098 639 1386 687 translatae
1428 639 1572 686 sunt.
1647 651 1711 686 ac
1753 637 1993 699 primum
2047 637 2265 699 quidem
2305 638 2462 687 vertit

372 746 464 782 eas
502 731 639 779 circa
677 740 881 776 annum
921 725 1060 773 1210
1100 724 1412 772 Germanice
1447 722 1709 771 Albrecht
1745 723 1811 771 de
1850 722 2208 772 Halberstadt.
2280 722 2380 773 sed
2413 723 2460 772 is

373 814 509 863 adeo
546 827 657 862 non
699 811 917 860 verbum
956 823 985 858 e
1023 809 1183 857 verbo
1220 808 1494 869 expressit,
1535 809 1596 856 ut
1629 821 1807 869 neque
1855 808 2146 869 quicquam
2197 808 2271 857 ad
2305 807 2463 858 Ovidi
2548 799 2554 835 ³

380 899 537 947 verba
575 895 909 946 emendanda
949 894 1073 942 inde
1103 893 1423 956 proficiatur
1465 906 1565 941 nec
1603 893 1754 953 quali
1790 907 1923 942 usus
1958 893 2032 941 sit
2077 893 2260 942 codice
2294 893 2463 943 statui
2548 877 2554 888 ⁴

371 978 618 1046 possit2).
695 982 799 1030 iam
829 993 951 1028 vero
980 980 1034 1026 in
1059 990 1360 1026 sermonem
1390 977 1653 1026 Graecum
1683 979 1839 1026 vertit
1862 991 2077 1027 carmen
2102 980 2229 1027 ante
2251 991 2458 1027 annum

379 1068 536 1128 1295,
576 1069 636 1116 ut
674 1066 884 1114 videtur
916 1062 1000 1126 (cf
1027 1062 1227 1111 Miiller
1255 1076 1295 1124 p
1322 1062 1391 1110 97
1407 1060 1513 1123 sq),
1569 1062 1844 1111 Maximus
1868 1063 2141 1112 Planudes
2164 1064 2462 1114 monachus

379 1154 716 1215 Byzantinus
727 1146 788 1211 3).
847 1150 943 1210 qui
967 1162 1087 1196 cum
1118 1149 1225 1196 tam
1254 1147 1503 1209 reliqiose
1529 1148 1749 1196 verbum
1771 1161 1876 1210 pro
1915 1148 2076 1197 verbo
2114 1149 2169 1197 in
2207 1149 2463 1199 vertendo
2547 1139 2554 1191 ἑ

382 1237 724 1295 reddidisset,
766 1236 826 1282 ut
862 1233 997 1294 quid
1020 1233 1184 1281 latine
1210 1231 1397 1294 leqerit
1413 1231 1530 1294 fere
1554 1233 1809 1281 omnibus
1835 1233 1967 1282 locis
1991 1234 2241 1296 dignosci
2268 1235 2463 1297 possit,

381 1322 582 1371 exstitit
619 1321 701 1368 vir
735 1319 926 1367 doctus
937 1313 999 1378 4),
1040 1317 1137 1378 qui
1170 1317 1539 1366 demonstrare
1564 1319 1863 1378 conaretur,
1904 1317 2054 1366 illum
2083 1318 2264 1367 codice
2301 1332 2461 1368 usum

378 1420 494 1456 esse
549 1406 752 1467 optimo
790 1404 1065 1466 diqnoque
1122 1403 1218 1464 qui
1253 1404 1394 1451 esset
1429 1402 1541 1451 dux
1594 1404 1648 1450 et
1695 1403 1954 1464 interpres
1991 1403 2198 1457 ¹classis
2233 1402 2301 1452 X.
2375 1404 2467 1452 cui

379 1491 625 1554 opinioni
661 1504 782 1538 cum
834 1488 1161 1538 obstitissem
1176 1483 1239 1549 5),
1276 1488 1486 1536 adiuvit
1520 1501 1607 1535 me
1648 1488 2095 1550 yravissimisque
2127 1488 2465 1550 arqumentis

378 1577 557 1626 allatis
601 1589 711 1624 rem
757 1574 991 1623 absolvit
1050 1572 1095 1635 (l
1130 1587 1158 1622 c
1190 1587 1230 1635 p
1267 1573 1374 1622 260
1392 1570 1483 1634 sq)
1525 1572 1912 1635 ACastiqlioni.
1986 1586 2260 1634 nusquam
2319 1573 2463 1622 enim

381 1661 651 1711 Planudes
687 1659 908 1708 meliora
948 1659 1076 1721 leqit
1114 1672 1277 1720 quam
1306 1671 1445 1719 quae
1480 1658 1641 1706 nobis
1671 1659 1891 1720 praesto
1927 1659 2072 1707 sunt.
2148 1658 2285 1720 quid
2319 1658 2470 1720 quod

382 1747 539 1795 certis
563 1746 629 1794 de
666 1745 844 1794 causis
879 1744 953 1793 ad
987 1758 1103 1792 eam
1142 1743 1462 1792 sententiam
1503 1743 1721 1803 inclino,
1769 1745 1830 1792 ut
1868 1757 2113 1797 censeam
2158 1742 2243 1807 (cf
2271 1744 2291 1792 l
2326 1757 2356 1792 c
2389 1743 2467 1808 Sp

382 1831 525 1879 1102
541 1828 630 1891 sq)
669 1829 819 1878 illum
846 1828 1312 1891 Metamorphoses
1352 1829 1641 1876 vertentem
1668 1828 1954 1890 conplures
1980 1827 2147 1877 libros
2172 1829 2470 1892 inspexisse

383 1917 437 1963 et
474 1915 743 1976 quidquid
771 1914 1135 1976 praeplaceret
1156 1913 1287 1962 hinc
1326 1913 1472 1962 illinc
1496 1927 1709 1962 sumere
1743 1927 1856 1962 non
1882 1913 2174 1963 dubitasse.
2235 1914 2466 1963 eundem

384 2014 496 2048 non
533 2013 673 2062 neqo
710 2001 764 2048 et
805 1999 872 2047 de
907 2013 1009 2047 suo
1048 1999 1313 2059 quaedam
1359 1999 1584 2048 nomina
1627 1999 1849 2061 propria
1887 1997 2112 2059 (Graeca
2149 1998 2374 2061 scilicet)
2411 1999 2467 2048 in

386 2085 660 2134 codicibus
706 2085 943 2147 qraviter
975 2086 1225 2146 corrupta
1267 2085 1399 2134 bene
1437 2084 1730 2133 correxisse
1777 2085 1831 2132 et
1879 2084 2010 2133 locis
2057 2084 2469 2147 inpeditioribus

385 2183 798 2230 nonnumquam
845 2169 1140 2230 genuinam
1199 2169 1478 2219 lectionem
1535 2167 1676 2230 (eam
1729 2169 1946 2230 quidem
1993 2169 2215 2218 aliunde
2259 2166 2471 2232 notam)

387 2255 623 2317 elegisse.
671 2267 837 2315 quare
863 2267 1192 2314 quamquam
1220 2256 1591 2304 auctoritatem
1613 2253 1782 2302 huius
1802 2254 2063 2303 versionis
2080 2267 2193 2303 non
2210 2267 2468 2317 agnoscO,

389 2342 565 2389 tamen
606 2339 762 2388 verba
800 2340 932 2399 eiuS,
975 2339 1070 2388 ubi
1104 2354 1134 2388 e
1169 2354 1226 2389 re
1264 2341 1559 2401 videbatur,
1597 2340 1868 2402 exscripsi.

534 2435 575 2491 1)
609 2437 758 2476 Obiter
791 2448 961 2486 moneo,
1003 2438 1087 2475 iam
1126 2437 1230 2476 huic
1259 2438 1572 2477 commentario
1601 2437 1852 2476 antecedere
1879 2436 2164 2486 praefationis
2192 2435 2287 2475 loco
2315 2446 2370 2475 ex
2398 2435 2472 2475 illo

389 2520 520 2554 more,
563 2509 639 2557 qui
662 2510 812 2557 postea
840 2508 983 2546 medio
1013 2518 1116 2546 aevo
1137 2508 1419 2558 percrebruit,
1450 2519 1649 2547 normam
1681 2507 1898 2557 quandam
1923 2507 2112 2546 additam
2135 2507 2194 2546 ad
2214 2507 2470 2556 scriptorem

389 2580 627 2618 secundum
656 2579 824 2618 scholae
854 2579 1047 2628 regulam
1081 2580 1473 2628 interpretandum,
1512 2590 1622 2629 quae
1662 2582 1755 2618 tum
1785 2578 1999 2617 Accessus
2035 2577 2213 2617 nomine
2237 2578 2469 2628 ferebatur.

391 2661 593 2699 quaerere
623 2650 738 2689 enim
768 2649 966 2688 solebant
995 2651 1087 2688 tum
1121 2650 1388 2699 interpretes,
1420 2661 1529 2699 quae
1550 2652 1665 2689 esset
1683 2649 1784 2689 libri
1800 2649 1993 2697 materia,
2023 2629 2218 2698 inteffitio,
2247 2648 2410 2688 utilitas
2430 2651 2473 2688 et

391 2721 460 2759 cuj
489 2720 599 2769 parti
628 2720 928 2769 philosophiae
959 2723 1281 2769 supponeretur.
1344 2721 1468 2760 docte
1497 2721 1551 2760 de
1579 2721 1663 2760 hoc
1691 2731 1812 2760 more
1841 2721 2081 2770 disputavit
2109 2718 2402 2770 GPmydnoaki
2427 2721 2474 2760 in

392 2790 535 2829 libello
550 2801 665 2829 anno
681 2791 789 2829 1911
809 2791 935 2836 edito,
953 2792 1030 2840 qui
1045 2792 1513 2831 inscribiturAccessus
1525 2791 1733 2831 Ouidiani.
1752 2792 1800 2841 cf
1808 2790 1992 2831 Ehwald
2008 2791 2148 2840 Proyr
2161 2789 2274 2831 Goth
2289 2791 2416 2838 1892,
2432 2791 2473 2831 1.

535 2859 579 2912 2)
610 2861 828 2900 KBartsch
857 2861 1060 2900 Albrecht
1089 2873 1171 2900 uon
1200 2862 1479 2901 Halberstadt
1508 2863 1600 2902 und
1630 2861 1741 2901 ovid
1778 2863 1835 2901 im
1866 2861 2120 2900 Mittelalter
2177 2861 2475 2911 Quedlinbuty

395 2932 487 2969 und
531 2931 702 2980 Leipzig]
747 2932 871 2970 1861.
919 2933 966 2982 cf
988 2933 1187 2981 inprimis
1229 2933 1362 2983 praef
1379 2943 1411 2982 p
1443 2932 1623 2972 CLXIII
1632 2942 1681 2980 sq
1728 2932 1826 2980 (nec
1864 2934 2008 2971 tamen
2038 2933 2185 2971 omnia
2213 2941 2325 2980 quae
2355 2933 2393 2972 is
2420 2932 2475 2971 de

395 3002 538 3040 codice
581 3001 797 3040 Albrechti
842 3002 1051 3041 Ouidiano
1094 3004 1300 3042 statuisse
1329 3004 1416 3043 sibi
1445 3003 1625 3050 videtur,
1656 3005 1771 3042 certa
1799 3004 1932 3052 sunt).
1996 3002 2199 3053 ORunqe,
2226 3002 2310 3042 Die
2336 3002 2474 3043 Meta-

397 3072 1001 3122 morphosenverdeutschuny
1019 3074 1240 3113 Albrechts
1271 3085 1354 3114 von
1373 3075 1663 3120 Halberstadt,
1693 3074 1911 3113 Palaestra
1943 3071 2354 3125 (Untersuchunqen
2385 3073 2479 3112 und

400 3143 542 3193 Texte)
578 3144 642 3188 73,
672 3143 831 3189 Berlin,
863 3145 985 3182 1908.

537 3214 578 3262 3)
608 3214 853 3253 Versionem
898 3215 1161 3254 Planudeam
1208 3217 1343 3255 edidit
1384 3216 1525 3264 (Paris
1555 3217 1684 3267 1822)
1722 3227 1775 3255 ex
1819 3216 1990 3255 duobus
2019 3215 2238 3255 codicibus
2266 3214 2478 3254 Panhinis

396 3283 741 3323 JFBoissonade.
800 3285 879 3323 sed
906 3286 1000 3323 eius
1029 3286 1243 3332 editionis,
1277 3289 1326 3325 ut
1352 3287 1480 3326 malis
1520 3286 1739 3326 codicibus
1769 3287 1961 3332 nitentis,
1994 3286 2127 3337 fidem
2156 3286 2404 3334 suspectam
2433 3286 2480 3324 et

396 3364 554 3402 parum
580 3355 753 3404 firmam
786 3366 880 3393 esse
909 3356 1222 3395 demonstravit
1247 3369 1390 3407 nuper
1418 3358 1585 3397 collatis
1627 3358 1764 3396 tribus
1801 3357 2021 3396 codicibus
2049 3355 2349 3395 Ambrosianis
2373 3365 2477 3405 pm·

402 3421 600 3459 babiliter
643 3422 687 3459 in
734 3421 889 3467 libello,
934 3423 1012 3470 qui
1054 3424 1305 3466 inscribitur
1351 3424 1570 3463 ‘Analecta
1621 3425 1857 3463 Planudea'
1905 3423 2050 3470 (Studi
2085 3425 2252 3465 italiani
2292 3425 2341 3465 di
2378 3424 2478 3477 filo-

400 3490 510 3540 loyia
532 3491 642 3530 class
661 3491 804 3530 XVIII
820 3492 944 3541 1910,
967 3493 1168 3544 189s283)
1190 3494 1396 3543 Aloysius
1418 3495 1683 3544 Castiylioni.
1722 3497 1770 3546 cf
1777 3506 1887 3544 quae
1901 3496 1993 3534 dixi
2003 3495 2278 3535 BPhW1911
2298 3494 2364 3546 Sp
2376 3495 2477 3535 208.

541 3561 582 3608 4)
612 3561 826 3600 Henricus
855 3563 912 3602 W.
930 3563 981 3600 H.
1002 3563 1172 3610 Miiller,
1203 3565 1266 3603 De
1296 3566 1706 3615 Metamorphoseon
1741 3566 1884 3605 Ovidii
1910 3566 2055 3605 codice
2084 3565 2318 3607 Planudeo.
2376 3565 2479 3604 Diss

403 3630 550 3681 Gryph
585 3633 708 3672 1906.

542 3703 581 3750 5)
611 3702 766 3741 BPhW
791 3703 902 3741 1906
930 3703 992 3753 Sp
1024 3705 1134 3741 1099
1148 3715 1210 3752 sq.
