2580 4088
958 232 1096 278 Liber
1125 231 1206 276 IX.
1236 231 1326 276 fab.
1357 233 1483 276 2—8.
2153 234 2253 282 681

170 377 253 430 ius
290 391 321 429 a
358 376 478 429 love
515 376 656 429 caelo
692 376 943 444 reciperet
980 379 1032 429 et
1070 374 1348 443 aliquando
1384 374 1590 442 placata
1625 373 1824 427 Iunone
1860 374 1996 427 filiae
2024 375 2257 430 eiusdem

170 460 377 515 nomine
413 461 593 514 Hebae
628 460 942 527 iungeretur.
1003 461 1247 514 Deianira
1284 461 1461 512 autem
1497 475 1552 512 re
1579 458 1755 512 audita
1780 459 1894 527 ipsa
1919 474 1973 511 se
1999 458 2259 512 interfecit

282 565 291 575 ·
345 546 594 599 Alcmene
646 561 766 598 cum
819 561 879 598 ex
924 545 1044 599 Iove
1080 545 1362 598 Herculem
1410 546 1717 613 conceptum
1763 544 1968 612 propter
2002 543 2256 596 Iunonem
2278 557 2359 606 fab
2391 556 2421 596 5

26 697 44 704 -
167 638 346 700 'parere
382 647 485 684 non
522 632 709 699 posset,
745 630 1003 698 inplorata
1039 631 1104 683 ab
1143 646 1205 683 ea
1241 630 1492 698 partubus
1517 629 1817 695 praesidens
1846 628 2060 692 Lucina,
2100 643 2258 695 quam

25 717 46 800 f}
106 733 130 774 5
168 715 380 783 quidam
415 715 681 783 Ilithyiam
729 715 1162 783 interpretantur,
1208 715 1272 767 ad
1311 714 1446 767 fores
1492 714 1700 781 reginae
1746 714 1900 767 venit.
1956 715 2008 765 et
2043 728 2165 765 cum
2200 714 2256 764 in

28 803 41 865 1]
165 801 303 853 terra
347 799 578 852 residens
626 799 770 851 nexis
818 799 1061 851 manibus
1112 800 1321 852 caneret
1368 798 1504 867 quod
1539 798 1755 851 Iunonis
1799 799 2065 852 voluntate
2102 799 2256 866 partu

165 883 486 937 laborantem
520 884 819 946 retardaret,
859 883 1134 937 Galanthis
1172 884 1537 949 praeministra
1562 884 1828 952 conspexit
1857 885 1910 937 et
1934 882 2256 951 providentia

21 960 41 1049 ζ
165 967 342 1021 dolum
392 968 566 1021 ridens
622 970 872 1021 ementita
927 971 1007 1022 est
1061 969 1369 1022 Alcmenam
1423 970 1578 1037 partu
1633 969 1873 1021 solutam.
1940 970 1994 1021 at
2038 968 2131 1020 illa
2177 967 2255 1019 in-

21 1112 32 1123 ,
162 1052 387 1120 prudens
433 1053 674 1107 resolutis
717 1054 960 1106 manibus
997 1054 1306 1107 Alcmenam
1343 1054 1579 1107 cruciatu
1614 1054 1866 1107 liberavit.
1928 1053 2076 1106 cuius
2114 1054 2254 1105 astu-

20 1143 40 1211 ξ
81 1156 128 1198 10
163 1137 292 1191 tiam
328 1138 634 1205 gravissima
659 1154 824 1207 poena
849 1141 929 1191 est
953 1140 1239 1207 prosecuta,
1276 1154 1503 1206 namque
1529 1154 1648 1192 eam
1671 1139 1726 1191 in
1751 1138 2006 1191 mustelae
2030 1137 2253 1204 figuram

162 1222 424 1286 convertit,
459 1223 534 1276 ita
560 1226 619 1276 ut
643 1240 745 1291 ore,
785 1240 885 1292 quo
910 1225 1133 1277 mentita
1159 1225 1253 1289 est,
1288 1225 1491 1292 pareret
1659 1224 1885 1292 Dryope,
1910 1223 2094 1291 Euryti
2125 1222 2246 1287 filia,
2266 1235 2348 1286 fab
2382 1233 2466 1282 677

159 1322 300 1361 soror
335 1307 494 1373 Ioles,
529 1309 907 1362 Andraemonis
945 1310 1188 1372 coniunx,
1228 1325 1388 1376 quam
1427 1311 1580 1362 antea
1617 1309 1863 1362 dilexerat
1895 1308 2091 1376 ApoHO,
2129 1323 2251 1360 cum

159 1392 225 1444 ad
267 1392 442 1445 lacum
490 1395 754 1446 sacratum
796 1394 1041 1463 nymphis
1089 1395 1225 1447 dona
1270 1394 1441 1447 ferens
1477 1394 1706 1447 venisset
1743 1395 1795 1446 et
1832 1409 1893 1446 ex
1930 1393 2108 1446 arbore
2144 1392 2250 1445 loto

18 1541 28 1545 ‚
157 1491 363 1530 ramum
419 1478 773 1546 decerpsisset,
830 1494 930 1546 quo
984 1494 1210 1547 parvum
1265 1479 1434 1531 filium
1479 1478 1687 1531 nomine
1734 1476 2038 1545 Amphison‚
2094 1492 2249 1543 quem

15 1552 120 1644 [215
156 1577 336 1616 secum
372 1562 581 1632 tulerat,
619 1563 917 1631 oblectaret,
953 1565 1009 1616 in
1047 1579 1206 1630 quam
1230 1563 1375 1616 Lotis
1414 1562 1622 1630 fugiens
1646 1561 1895 1630 Priapum
1933 1563 2044 1614 erat
2082 1564 2252 1614 trans-

155 1647 400 1715 figurata,
457 1648 579 1716 quia
622 1663 798 1701 sacrae
844 1649 1040 1702 arboris
1084 1648 1323 1701 violatrix
1367 1649 1661 1711 exstiterat,
1714 1650 1898 1715 trunco
1936 1646 2045 1699 eius
2083 1645 2252 1698 haesit

153 1732 323 1785 infixa.
385 1733 521 1786 inter
567 1748 699 1800 quae
746 1733 871 1786 dum
917 1749 1097 1786 casum
1143 1734 1329 1787 sororis
1367 1733 1476 1787 Iole
1512 1732 1672 1786 refert
1707 1733 2006 1798 Alcmenae,
2060 1731 2249 1794 IolauS,

22 1884 28 1888 1
152 1817 393 1871 Herculis
430 1822 483 1872 et
530 1818 704 1871 Hebes
757 1818 910 1882 filius,
954 1819 1010 1871 in
1055 1820 1325 1886 antiquam
1372 1818 1649 1887 pueritiam
1696 1816 1992 1870 transfusus
2029 1817 2247 1869 videtur.

12 1893 31 2005 ε’
153 1903 228 1956 sic
265 1903 405 1956 enim
439 1903 588 1956 Hebe
623 1903 838 1957 Iunonis
873 1903 981 1957 filia
1015 1905 1212 1972 roganti
1254 1904 1461 1971 coniugi
1497 1902 1806 1972 promiserat
1974 1900 2245 1965 Callirhoe,
2266 1913 2347 1963 fab
2381 1911 2410 1952 8

66 1999 115 2041 2ο
149 1987 362 2041 Acheloi
410 1988 581 2041 amnis
617 1988 750 2051 filia,
787 1989 1120 2042 Alcmaeonis
1168 1989 1403 2051 coniunx,
1460 1989 1550 2056 qui
1593 1989 1831 2041 materno
1868 1988 2121 2055 sanguine
2159 1986 2248 2039 ad-

30 463 40 481 ,ἱ

30 489 40 498 t

29 506 37 515 >

31 607 36 616 ¹
49 613 53 619 ι

3 2143 54 2225 [-
152 2169 298 2226 vulqo,
329 2169 682 2214 immortalitatis
710 2171 782 2214 ius
810 2170 1050 2223 Muneker,
1080 2170 1336 2215 immortale
1365 2170 1462 2215 eius
1491 2169 1714 2225 Micyllus
1859 2173 1886 2215 1
1917 2170 2136 2224 reciperet
2165 2167 2245 2218 M,

47 2245 51 2251 '
155 2241 426 2298 reciperetur
445 2242 504 2285 N
522 2241 567 2286 V
590 2241 810 2298 Micyllus
897 2241 926 2285 2
955 2241 1039 2301 ebe
1068 2243 1155 2295 M,
1186 2242 1302 2286 heue
1331 2242 1391 2285 N
1415 2243 1430 2295 ll
1453 2248 1604 2285 autem
1627 2254 1700 2285 om
1720 2242 1781 2285 N

0 2307 18 2367 {l
48 2301 57 2366 ⁵3
295 2311 533 2356 Galanthis
548 2312 596 2355 in
612 2312 850 2357 mustelam
860 2316 971 2368 post
988 2312 1158 2357 272M
1249 2312 1279 2357 3
1294 2311 1520 2356 herculem
1542 2325 1666 2356 conc.
1687 2312 1732 2355 0
1753 2312 1805 2364 V,
1822 2323 1946 2356 conc.
1962 2310 2094 2354 Herc.
2112 2308 2246 2364 vulgo

151 2384 180 2427 4
207 2381 354 2427 habea
383 2383 449 2426 M
534 2383 564 2427 ἔ)
591 2382 805 2440 Ilithyam
835 2384 888 2436 V,
920 2382 1091 2440 elythia
1119 2384 1200 2436 M,
1230 2382 1386 2427 elithia
1415 2384 1475 2426 N
1511 2385 1526 2436 ΙΙ
1566 2384 1920 2439 interpretantur
1950 2382 2018 2425 M
2036 2380 2244 2436 Vvulyo,

8 2454 26 2529 '5
151 2457 319 2498 uocant
340 2454 400 2497 N
479 2454 564 2509 5sq
580 2454 628 2497 in
650 2459 770 2499 terra
785 2454 937 2511 vulqo,
960 2455 1081 2498 intra
1101 2455 1160 2507 O,
1177 2469 1240 2498 an
1255 2454 1324 2510 (cf
1336 2456 1429 2498 met
1441 2452 1478 2497 I
1481 2454 1533 2497 X
1540 2454 1630 2498 298
1642 2453 1743 2506 310)
1759 2454 1806 2497 in
1822 2453 1928 2497 ara?
2011 2452 2099 2507 639
2113 2452 2245 2496 nexis

0 2530 15 2553 '³
149 2523 682 2575 manibus-retardaret]
727 2525 791 2569 sic
816 2524 914 2580 fere
965 2526 1011 2569 0
1032 2526 1085 2581 V,
1130 2525 1260 2569 nexis
1289 2524 1500 2568 manibus
1528 2530 1707 2581 partum
1737 2523 1988 2569 retardaret
2019 2522 2246 2567 Muncker

151 2595 283 2652 vulyo
319 2595 334 2650 ΙΙ
369 2595 564 2639 nexibus
583 2597 643 2639 N
674 2596 691 2650 fl
724 2596 911 2640 manibu
931 2597 991 2640 N
1075 2597 1100 2641 7
1129 2595 1387 2646 laborantes
1410 2596 1491 2651 M,
1511 2595 1774 2640 laborantes
1794 2596 1841 2641 V
1918 2595 1949 2639 9
1968 2594 2170 2639 alcmena
2190 2593 2250 2637 N

291 2665 452 2722 driope
487 2666 535 2709 in
571 2666 779 2711 arborem
818 2666 948 2710 loton
978 2669 1088 2722 post
1116 2666 1206 2711 323
1231 2667 1305 2711 M
1444 2668 1497 2711 11
1509 2680 1559 2722 39
1587 2666 2036 2724 Dryope—coniunx
2072 2679 2146 2709 om
2175 2665 2245 2718 N,

6 2784 9 2785 ⁷
150 2736 242 2781 add
270 2749 312 2781 η
361 2738 376 2793 ΙΙ
426 2737 586 2793 driope
619 2737 664 2781 O
715 2738 730 2792 ΙΙ
780 2737 942 2794 Euryti
972 2738 1024 2793 V,
1056 2738 1189 2782 euriti
1217 2737 1299 2794 M,
1330 2736 1494 2782 eurithi
1525 2749 1566 2781 η
1725 2736 1783 2781 12
1811 2734 2074 2786 sororlioles
2106 2735 2174 2778 M
2220 2735 2236 2788 li

8 2802 13 2837 5
76 2823 84 2838 ³
151 2807 441 2852 andremonis
469 2819 511 2851 n
532 2809 578 2854 V
660 2808 717 2853 13
747 2807 870 2853 dona
890 2822 963 2852 om
995 2809 1054 2852 N
1137 2810 1194 2853 14
1222 2809 1406 2853 nomine
1426 2807 1706 2864 Amphison]
1737 2807 1807 2852 his
1826 2807 1969 2851 verbis
1988 2806 2154 2860 incipit
2172 2818 2205 2849 κ
2227 2805 2243 2859 ss

150 2906 390 2964 amphison
423 2907 468 2951 0
488 2907 589 2962 xV,
620 2906 906 2963 Amphisson
934 2906 1172 2960 Munclccr,
1203 2907 1256 2963 cf
1277 2910 1371 2952 ‘met
1398 2906 1482 2951 IX
1497 2907 1589 2953 356
1670 2908 1728 2951 15
1756 2906 1864 2952 lotis
1884 2907 1943 2950 N
1958 2919 2004 2959 κ,
2034 2873 2142 2949 loti}
2160 2904 2242 2957 M,

149 2977 315 3022 Lotum
345 2978 392 3024 V
499 2979 557 3024 16
583 2982 631 3033 (ιι
650 2980 671 3023 i
688 2978 879 3032 r)datrix
908 2979 969 3022 N
1077 2980 1132 3024 17
1163 2978 1254 3023 iole
1282 2993 1316 3023 κ
1336 2980 1389 3033 V,
1419 2979 1525 3023 iolae
1544 2979 1624 3035 M,
1655 2978 1770 3023 ioles
1796 2979 1857 3022 N
1886 2980 1901 3034 ΙΙ
1930 2975 2167 3022 Alcmenae
2187 2976 2240 3023 V,

150 3048 352 3111 alcmene‘
363 3063 408 3102 κ,
430 3049 512 3102 al(c
527 3063 587 3095 ex
601 3050 768 3112 i)mene
786 3050 865 3103 M,
886 3050 1086 3094 alcmene
1102 3051 1163 3094 N
1243 3051 1299 3095 18
1314 3050 1517 3095 hercules
1533 3051 1592 3094 N
1609 3050 1623 3105 Ιί
1645 3048 1786 3094 hebes
1803 3050 1881 3103 M,
1899 3049 2008 3094 ebes
2028 3050 2095 3103 N,
2111 3048 2243 3094 hebis

150 3133 183 3164 κ
223 3120 237 3174 ΙΙ
273 3119 440 3173 Iolaus,
477 3119 630 3164 fratris
660 3119 866 3165 Herculis
902 3120 1026 3165 filius
1055 3120 1326 3177 Rammius,
1357 3121 1454 3175 Iol.‚
1485 3120 1645 3176 Iphicli
1676 3126 1722 3165 et
1749 3120 1997 3165 Diomedes
2025 3120 2058 3163 f.
2090 3119 2242 3164 Burm

150 3191 207 3235 19
234 3189 352 3235 hebe
388 3191 569 3235 iunonis
604 3189 706 3235 filia
744 3204 790 3246 κ,
835 3190 894 3236 ab
931 3191 1117 3235 iunonis
1152 3191 1251 3236 filia
1288 3192 1357 3245 N,
1402 3190 1538 3247 (hehe
1576 3193 1664 3245 om)
1706 3191 1890 3236 iunonis
1926 3190 1958 3235 f.
1997 3191 2070 3234 M
2093 3190 2241 3246 vulqo,

151 3301 299 3355 (Hebe
327 3304 416 3356 om)
446 3302 667 3346 Iunonius
695 3301 795 3347 filie
825 3304 918 3356 (sic)
938 3305 985 3350 V
1002 3305 1015 3359 Η
1037 3305 1221 3360 roganti
1249 3304 1396 3361 vulyo,
1436 3311 1624 3360 rogante
1658 3305 1703 3348 Ο
1723 3318 1757 3348 κ
1778 3305 1823 3351 V
1840 3306 1853 3359 ΙΙ
1875 3260 2147 3360 δ’τῧιῑξιῃίξέιῗπ
2173 3305 2246 3348 M

294 3372 510 3418 Calliores
538 3372 623 3416 filii
643 3373 691 3417 in
710 3374 899 3418 iuuenes
919 3378 1031 3430 post
1049 3375 1221 3419 393M
1242 3375 1259 3430 ΙΙ
1278 3375 1430 3419 Iolaus
1458 3374 1665 3427 (Hiolaus
1685 3376 1767 3428 M)
1794 3374 2078 3431 supradictus
2106 3377 2242 3419 cessit

150 3443 198 3486 in
226 3444 436 3488 iuuenem
462 3447 569 3499 post
597 3443 687 3488 393
711 3458 744 3488 κ
772 3447 817 3488 et
844 3448 948 3500 post
975 3445 1052 3501 sab
1082 3445 1221 3492 VIII
1245 3448 1367 3498 (ante
1398 3446 1486 3490 394
1514 3445 1730 3502 Dumque
1757 3452 1822 3501 39)
1861 3446 1912 3490 in
1944 3448 2073 3490 textu
2103 3447 2239 3490 rubro

151 3557 227 3600 M
268 3557 282 3611 ΙΙ
331 3557 433 3612 ipsa
460 3556 539 3614 fab
570 3556 704 3604 VIII
729 3558 828 3602 sinc
859 3556 993 3602 titulo
1023 3558 1230 3612 sequitur
1249 3561 1360 3614 post
1387 3558 1476 3603 399
1502 3558 1553 3602 in
1583 3571 1616 3601 κ
1716 3558 1774 3602 19
1805 3557 2000 3603 Calliore
2027 3559 2110 3612 M,
2141 3527 2238 3604 Oa‘l-

152 3626 287 3671 chroe
315 3628 382 3682 N,
415 3626 642 3672 Callirhoe
678 3642 711 3672 κ
732 3629 778 3674 V
802 3629 934 3683 vulgo
1021 3628 1080 3673 20
1119 3636 1165 3673 et
1194 3629 1322 3674 alem.
1353 3630 1412 3674 N
1444 3630 1458 3684 ΙΙ
1496 3628 1744 3673 alomeonis
1773 3630 1832 3673 N
1847 3643 1880 3673 κ
1901 3629 1955 3682 V,
1993 3630 2238 3675 acmeionis

152 3698 222 3741 M
268 3698 282 3752 ΙΙ
332 3697 528 3742 coniunx
558 3699 633 3743 M
646 3700 698 3752 V,
729 3713 800 3743 om
831 3700 889 3743 N
904 3713 937 3743 κ
967 3699 1097 3756 vulgo
