2580 4088
2459 0 2580 148 fs

355 236 462 284 698
870 235 1096 280 Lactantii
1125 235 1297 281 Placidi
1329 235 1407 292 qui
1439 235 1604 280 dicitur
1630 237 1928 283 narrationes.
2515 193 2539 304 ξ
2568 223 2580 318 ἐξ

357 378 639 448 prosiluere
676 378 928 447 Lapithae
986 380 1142 446 atque
1191 378 1438 432 Centauri
1492 378 1701 446 nuptias
1759 379 2166 448 frequentantes.
2225 381 2444 450 ideoque
2535 372 2580 395 ³

357 463 544 516 caedes
595 479 716 517 cum
772 463 1003 515 maxima
1057 465 1196 516 esset
1244 464 1418 516 exorta
1461 463 1773 532 plurimique
1819 480 1880 518 ex
1923 467 2143 534 utraque
2188 467 2335 534 parte
2379 466 2443 520 ob
2535 479 2540 482 ·
2576 459 2580 479 ³

357 550 568 617 raptum
621 549 978 601 matronarum
1029 548 1380 601 concidissent
1429 549 1482 600 et
1532 548 1669 615 quod
1715 549 2029 603 inviolabilis
2084 550 2172 603 ille
2208 551 2443 615 restaret,

359 634 425 686 ab
463 633 730 697 universis,
780 633 868 700 qui
920 648 981 685 ex
1028 633 1184 687 caede
1232 633 1418 701 reliqui
1464 632 1698 698 fuerunt,
1744 635 2024 688 novissime
2071 634 2273 704 impetu
2307 634 2446 688 facto

360 718 721 785 congestisque
746 717 800 769 in
827 733 948 769 eum
975 718 1218 771 arborum
1242 718 1442 771 truncis
1468 718 1709 786 spirltum
1733 719 1947 773 reddere
1973 721 2224 773 coactum.
2267 721 2448 773 tamen
2482 730 2508 770 5
2537 757 2543 766 .
2576 728 2580 787 ξ

359 817 464 855 non
517 803 771 855 inmemor
826 801 952 854 deus
1008 802 1298 871 NeptunuS‚
1351 818 1382 856 a
1433 818 1534 870 quo
1589 803 1880 871 speciosum
1925 819 2118 857 munus
2167 805 2448 873 acceperat,
2578 812 2580 814 ’

179 899 268 950 sab
303 896 334 938 5
361 888 716 955 supradictum
770 888 825 939 in
874 887 1136 940 volucrem
1173 887 1400 941 nominis
1437 888 1519 940 sui
1563 888 1948 956 transfiguravit
2124 888 2448 958 Periclyme-

359 989 460 1026 nus
498 987 529 1025 a
554 972 796 1040 Neptuno
824 974 1036 1039 accepta
1072 974 1329 1040 potestate
1355 974 1415 1025 ut
1448 988 1503 1026 se
1540 973 1595 1025 in
1632 973 1799 1026 varias
1836 973 2028 1041 figuras
2063 975 2448 1036 transverteret,
2534 1000 2536 1003 ·

361 1074 483 1111 cum
521 1057 766 1110 adversus
793 1057 1075 1110 Herculem
1101 1057 1402 1111 dimicasset
1438 1059 1492 1111 et
1528 1073 1649 1111 eum
1687 1059 1932 1112 varietate
1969 1058 2257 1112 formarum
2293 1058 2451 1112 vellet

360 1143 581 1207 eludere,
619 1142 673 1194 in
711 1142 944 1210 aquilam
980 1142 1383 1196 transformatus
1422 1144 1528 1205 est3
1573 1158 1733 1211 quam
1767 1143 1856 1196 ille
1894 1143 2223 1197 advolantem
2259 1143 2360 1197 sibi
2399 1146 2453 1197 et
2489 1152 2553 1195 10:

359 1228 414 1280 in
460 1227 791 1280 altitudinem
841 1243 896 1280 se
947 1231 1080 1281 aeris
1129 1227 1431 1281 efferentem
1477 1228 1756 1281 novissime
1807 1229 1999 1295 sagitta
2040 1229 2318 1282 traiectum
2371 1229 2452 1281 in-

182 1323 271 1374 sat>
306 1320 333 1362 6
365 1314 573 1367 teremit
751 1313 1030 1381 Neptunus
1069 1313 1293 1381 graviter
1323 1313 1495 1366 ferens
1522 1312 1764 1382 Cygnum
1787 1313 1954 1366 filium
1980 1329 2134 1366 suum
2159 1313 2224 1366 ab
2251 1312 2452 1367 Achille

362 1397 610 1451 cecidisse
658 1398 711 1451 et
746 1398 1027 1451 Hectorem
1077 1398 1401 1452 defensorem
1449 1413 1677 1466 operum,
1723 1413 1855 1466 quae
1899 1399 2009 1467 ipse
2057 1397 2329 1466 posuisset,
2387 1398 2451 1451 ab

362 1482 601 1551 Apolline
657 1483 794 1536 socio
841 1483 1034 1536 laboris
1083 1485 1236 1552 petit,
1287 1483 1536 1552 quoniam
1584 1483 1684 1536 sibi
1719 1499 1824 1536 non
1862 1483 2086 1548 daretur,
2120 1484 2182 1536 ut
2217 1482 2454 1536 cominus

364 1584 486 1621 cum
533 1583 593 1621 eo
639 1568 881 1636 congredi
918 1572 1107 1637 posset,
1154 1571 1215 1621 ut
1251 1570 1388 1622 ultor
1437 1566 1720 1622 exsisteret.
1770 1570 1825 1621 at
1861 1568 1948 1621 ille
1986 1567 2178 1621 auditis
2214 1567 2454 1636 precibus
2493 1577 2540 1619 15

363 1653 476 1706 eius
512 1653 762 1705 inmixtus
799 1654 912 1706 acie
950 1653 1185 1721 nullique
1224 1654 1534 1721 conspicuus
1572 1668 1753 1706 arcum
1790 1652 2069 1706 Alexandri
2104 1653 2160 1705 in
2196 1652 2456 1706 Achillem

362 1737 629 1797 convertit,
669 1739 729 1790 ut
766 1737 985 1805 sagittas
1021 1739 1105 1791 vel
1140 1739 1197 1791 in
1234 1754 1355 1791 eum
1382 1738 1601 1805 dirigere
1626 1739 1816 1806 posset,
1862 1738 2146 1805 talumque‚
2183 1737 2321 1806 quod
2356 1736 2457 1790 fuit

363 1823 420 1874 in
459 1822 569 1875 eius
606 1838 813 1891 corpore
851 1823 1086 1891 mortale,
1124 1824 1382 1892 percussit
1419 1826 1471 1876 et
1507 1824 1785 1876 interemit.

508 2022 535 2063 1
565 2020 828 2076 prosiluere]
860 2020 1106 2076 promiscui
1136 2021 1195 2064 N
1240 2020 1254 2075 ΙΙ
1305 2019 1486 2076 nuptias
1507 2021 1566 2063 N
1589 2019 1736 2076 vulgo,
1774 2019 1822 2062 in
1851 2018 2035 2075 nuptias
2064 2019 2138 2062 M
2161 2018 2238 2074 V!
2257 2017 2459 2076 ideoque

364 2090 529 2135 caedes
559 2104 660 2135 cum
680 2091 878 2136 maxima
896 2092 1070 2147 scrip&
1101 2091 1299 2148 ideoque
1318 2090 1455 2153 cedes
1475 2090 1674 2134 maxima
1701 2090 1781 2144 M,
1811 2090 1872 2134 id.
1894 2091 2021 2149 cenis
2050 2090 2247 2135 maxime
2275 2090 2369 2144 (sic)
2389 2091 2457 2134 N,
2551 2118 2557 2123 ·

364 2161 563 2218 ideoque
593 2175 694 2206 cum
724 2162 922 2206 maxima
952 2162 1113 2206 caedes
1143 2162 1323 2215 (caedes
1351 2175 1410 2205 m.
1431 2162 1583 2218 vulyo)
1614 2162 1661 2207 V
1768 2161 1856 2217 2sq
1894 2161 2057 2206 obratu
2086 2161 2160 2204 M
2274 2161 2305 2207 3
2333 2173 2457 2206 conc.

365 2237 414 2276 et
453 2232 579 2289 quod
607 2234 700 2277 inu.
730 2233 808 2278 ille
844 2233 960 2289 (ipsa
997 2234 1060 2285 V)
1091 2234 1163 2276 M
1187 2235 1241 2287 V,
1273 2246 1396 2278 conc.
1439 2246 1577 2277 cenea
1614 2232 1740 2289 quod
1768 2233 1860 2277 inu.
1893 2233 1985 2283 (ille
2015 2237 2103 2286 om)
2133 2234 2200 2286 N,
2244 2245 2301 2277 eo
2333 2231 2460 2288 quod

363 2304 458 2347 inu.
489 2305 578 2348 iste
607 2304 735 2360 (ipse,
764 2305 854 2348 ista
882 2304 981 2358 alii)
1010 2305 1146 2361 vulyo
1198 2306 1213 2359 ΙΙ
1260 2309 1533 2348 restauraret
1562 2305 1621 2348 N
1714 2304 1799 2359 589
1828 2303 2018 2349 reddere
2047 2310 2252 2349 coactum
2281 2303 2457 2359 scripsi,

367 2374 607 2420 reddidere
637 2382 797 2420 coactu
826 2376 906 2432 M,
936 2375 1126 2420 reddere
1156 2380 1340 2420 coactus
1369 2382 1439 2419 est
1472 2376 1531 2418 N
1552 2375 1746 2431 Vvulyo
1795 2376 1811 2430 11
1860 2374 2324 2431 tamen—Neptunus]
2353 2373 2459 2419 haec

371 2445 460 2502 leyi
487 2459 580 2490 non
603 2449 803 2502 possunt
831 2447 882 2491 in
913 2448 972 2491 N
998 2446 1012 2503 Η
1041 2453 1194 2491 tamen
1221 2445 1343 2490 illius
1362 2445 1622 2490 Racncrius
1710 2447 1734 2490 7
1766 2446 1968 2503 Cycnum
1989 2445 2171 2503 suprad.
2200 2443 2461 2501 Munclcerfl

367 2516 417 2560 in
446 2530 520 2561 om
548 2518 621 2561 M
651 2518 665 2573 ΙΙ
687 2531 808 2562 nom.
839 2518 909 2562 sui
943 2517 989 2560 0
1018 2519 1071 2572 V,
1103 2518 1173 2562 sui
1201 2531 1324 2562 nom.
1354 2517 1487 2573 vulyo

511 2579 837 2643 periclemenus
868 2590 962 2643 (sic)
992 2589 1041 2632 iu
1071 2589 1203 2645 plura
1224 2591 1338 2644 post
1364 2588 1448 2634 531
1479 2588 1552 2632 M
1692 2589 1715 2632 7
1747 2587 2071 2632 Periclimenus
2099 2588 2163 2631 M
2277 2585 2336 2631 10
2362 2585 2459 2630 ina-

370 2658 495 2714 quila
523 2661 583 2703 N
607 2660 654 2705 V
697 2661 712 2715 ΙΙ
762 2660 1109 2705 transformatus
1142 2661 1187 2704 0
1217 2662 1272 2714 V,
1316 2658 1667 2714 transfiguratus
1698 2659 1831 2715 vulyo
1881 2661 1895 2713 ΙΙ
1947 2657 2208 2703 avolantem
2237 2657 2306 2702 vel
2349 2669 2459 2702 evo·

370 2728 538 2775 lantem
567 2730 735 2786 Burm,
764 2733 842 2776 sed
861 2733 908 2788 cf
922 2734 1014 2776 met
1028 2730 1142 2775 XII
1150 2731 1241 2777 563
1294 2733 1351 2775 11
1381 2730 1550 2787 sagitta
1568 2731 1602 2782 (i
1630 2745 1653 2774 e
1669 2731 1898 2786 sagittam)
1913 2731 1977 2774 M
2001 2731 2016 2785 11
2038 2729 2273 2773 traiectum
2303 2741 2376 2772 om
2405 2728 2465 2772 N

515 2803 684 2859 Apollo
732 2803 1030 2847 inalexandru
1075 2806 1182 2859 post
1228 2803 1318 2847 572
1357 2802 1429 2845 M
1586 2801 1643 2846 12
1680 2803 1815 2857 cignfi
1852 2802 1918 2844 M
1969 2802 1984 2854 ΙΙ
2036 2813 2166 2844 suum
2207 2799 2253 2843 O
2282 2799 2336 2854 V,
2386 2812 2460 2843 om

369 2873 510 2918 ‘multi
622 2874 681 2918 13
711 2873 928 2918 cecidisse
955 2874 1013 2927 O,
1046 2873 1265 2918 occidisse
1295 2874 1342 2920 V
1364 2873 1498 2929 vulyo
1547 2874 1562 2926 u
1613 2871 1796 2916 hectore
1839 2872 1899 2916 N
2037 2872 2093 2915 14
2122 2883 2217 2915 non
2245 2883 2319 2914 om
2348 2870 2408 2914 N
2444 2868 2459 2927 ΙΙ

366 2945 623 2989 comminus
671 2946 716 2989 0
762 2946 808 2991 V
946 2946 1003 2989 15
1041 2958 1177 3000 posse
1219 2943 1271 2988 N
1317 2946 1333 2999 Ι
1382 2948 1436 2988 ut
1464 2958 1537 2988 om
1583 2944 1642 2987 N
1686 2943 1701 2998 ΙΙ
1750 2944 1849 2999 ipse
1893 2942 2015 2987 ultor
2057 2943 2111 2986 ed
2156 2941 2296 2986 Golon
2344 2941 2360 2996 ΙΙ
2409 2944 2461 2984 ut

372 3055 449 3100 ille
480 3058 540 3100 N
663 3059 719 3104 16
748 3065 1017 3117 conspectus
1048 3059 1101 3103 ed
1129 3059 1276 3103 Parm
1315 3060 1330 3114 n
1380 3012 1617 3102 giserxil‘aiffdri·
1643 3057 1702 3101 N
1827 3057 1882 3101 17
1913 3056 2125 3111 sagittam
2155 3055 2202 3101 V
2245 3054 2260 3110 ΙΙ
2309 3051 2385 3098 vel
2412 3052 2462 3096 in

371 3144 478 3175 eum
522 3132 693 3187 scripsi,
740 3137 792 3176 ut
834 3132 882 3175 in
927 3145 965 3176 e.
1010 3132 1090 3184 M,
1135 3130 1184 3174 in
1228 3143 1330 3174 eum
1375 3130 1435 3173 N
1458 3129 1505 3175 V
1536 3127 1666 3184 vulyo
1810 3127 1866 3172 18
1896 3126 1993 3171 eius
2023 3139 2143 3182 corp.
2179 3125 2224 3169 0
2254 3125 2308 3179 V,
2337 3136 2460 3180 corp.

370 3203 473 3248 eius
499 3203 632 3259 vulgo
