2554 4094
395 236 451 274 IV

397 375 729 440 apographis
778 375 904 423 ante
958 373 1338 436 relegationem
1380 372 1573 433 poetae
1622 370 1904 434 descriptis
1957 369 2011 432 (e
2049 371 2250 432 quibus
2288 385 2477 431 unum,
2549 428 2554 436 1

397 463 456 511 id
476 461 692 520 scilicet,
721 459 871 521 quod
894 459 1007 521 ipse
1033 457 1318 516 lectitabat,
1348 456 1478 504 urbe
1502 455 1861 505 discedentem
1886 470 1987 506 sua
2017 469 2185 505 manu
2210 457 2476 506 maestum

400 549 453 596 in
494 546 618 610 iqne
652 559 711 594 se
742 544 993 606 posuisse
1030 540 1181 602 dicit)
1219 541 1422 600 illatae,
1470 554 1542 589 an
1586 542 1684 589 aut
1731 540 1945 590 libidini
1977 543 2075 590 aut
2109 540 2480 605 neqleqentiae

392 633 730 695 posterorum
771 628 1084 676 tribuendae
1118 627 1242 675 sint.
1305 639 1368 674 ac
1405 625 1471 673 de
1509 625 1615 674 illis
1653 626 1870 687 quidem
1911 639 2243 688 quamquam
2269 625 2483 688 aliquot

398 718 529 766 locis
586 716 870 775 utramque
925 712 1203 761 lectionem
1258 710 1334 758 ad
1395 711 1589 771 poetae
1641 725 1865 760 manum
1921 725 2032 760 non
2086 710 2260 760 redire
2322 711 2480 760 certis

397 800 731 864 argumentis
785 797 1009 861 probari
1067 810 1178 844 non
1234 796 1438 857 potest,
1517 796 1695 844 tamen
1751 796 1923 845 multo
1978 796 2233 858 pluribus
2281 796 2477 858 potest.

401 899 567 948 quare
605 886 659 933 in
698 898 815 933 eam
843 882 1164 931 sententiam
1193 879 1410 940 inclin0,
1451 881 1513 928 ut
1549 894 1660 930 uno
1698 894 1917 943 quoque
1955 881 2071 930 loco
2107 894 2138 930 e
2171 880 2480 943 duplicibus

402 970 721 1020 lectionibus
775 968 1086 1017 alterutram
1121 966 1314 1027 poetae
1357 964 1660 1014 abiudicem
1717 967 1771 1014 et
1816 966 2050 1015 tribuam
2086 965 2367 1015 socordiae
2402 965 2484 1015 illi

398 1055 715 1113 etlibidini,
768 1066 906 1114 quae
945 1052 1071 1099 vitia
1114 1051 1336 1112 propria
1367 1049 1544 1112 fuisse
1580 1052 1794 1100 constat
1826 1051 2184 1113 antiquitatis,
2236 1051 2483 1100 exeuntis

403 1141 664 1202 inprimis,
719 1140 774 1186 in
829 1138 942 1186 arte
989 1136 1169 1184 critica
1207 1130 1562 1196 exercendal).
1638 1135 1705 1184 de
1760 1137 1887 1185 totis
1939 1150 2063 1186 vero
2119 1136 2364 1186 versibus
2400 1135 2484 1185 vel

398 1225 630 1287 sinqulis
671 1223 754 1271 vel
790 1222 986 1270 iunctis
1021 1220 1395 1283 copulatisque
1428 1221 1485 1268 in
1511 1220 1839 1281 quibusdam
1868 1221 2020 1270 libris
2044 1221 2331 1284 dupliciter
2351 1234 2482 1271 con-

398 1310 601 1358 stitutis
640 1308 766 1356 olim
807 1306 1173 1355 demonstravi
1205 1303 1291 1368 (cf
1317 1304 1547 1354 Hermes
1582 1304 1797 1354 XXXX
1829 1305 1987 1365 1905,
2024 1305 2126 1354 191
2143 1319 2211 1367 sq
2253 1308 2309 1355 et
2343 1319 2484 1368 quae

399 1394 656 1444 adnotavi
689 1392 764 1441 ad
797 1393 907 1440 met
941 1391 1093 1439 1544
1130 1389 1204 1438 VI
1222 1390 1328 1438 280
1357 1389 1487 1438 VIII
1505 1389 1613 1438 285
1641 1388 1770 1438 VIII
1787 1389 1896 1438 595
1903 1403 1970 1451 sq
1999 1389 2130 1439 VIII
2148 1390 2249 1439 651
2262 1403 2331 1453 sq
2359 1390 2490 1441 VIII
2502 1444 2506 1447 ,

399 1480 503 1528 693
521 1492 587 1540 sq
623 1477 709 1527 XI
727 1477 796 1525 57
834 1476 946 1524 XII
967 1474 1095 1536 192)
1144 1475 1235 1524 hic
1282 1488 1501 1536 quoque
1536 1475 1758 1524 alteram
1796 1488 1863 1524 ex
1901 1475 2043 1523 binis
2078 1476 2484 1526 recensionibus

2545 1300 2554 1335 ¹

2542 1335 2554 1446 1

2544 1450 2554 1557 i

399 1578 511 1613 non
554 1565 747 1626 poetae
789 1575 921 1621 esse,
959 1561 1059 1609 sed
1093 1561 1235 1609 certo
1271 1561 1566 1622 apertoque
1607 1559 1832 1609 consilio
1877 1560 2270 1623 interpolatam,
2305 1574 2485 1624 neque
2548 1561 2554 1593 '¹

400 1649 576 1698 habeo
638 1647 788 1709 quod
844 1647 1047 1694 mutem
1108 1640 1500 1705 sententiam2).
1591 1658 1690 1693 nec
1751 1645 2003 1694 credibile
2049 1647 2146 1707 est,
2206 1646 2481 1698 Nasonem

546 1844 585 1893 1)
617 1844 691 1883 Cic
731 1843 789 1882 ad
820 1841 886 1887 Qu
914 1842 959 1892 fr
985 1842 1052 1880 III
1078 1840 1165 1894 5l6‚
1197 1842 1244 1879 6:
1290 1841 1345 1879 de
1388 1841 1535 1880 latinis
1579 1842 1733 1889 (libris)
1778 1853 1864 1891 quo
1909 1853 1980 1881 me
2017 1843 2182 1881 vertam
2211 1842 2379 1891 nescim
2422 1842 2484 1882 ita

403 1915 608 1955 mendose
638 1916 681 1953 et
710 1913 954 1953 scribuntur
986 1914 1029 1950 et
1059 1913 1247 1951 veneunt
1276 1913 1321 1950 et
1338 1912 1544 1950 Dziatzko
1558 1912 1825 1961 Pauly-Wiss
1839 1913 1910 1951 III
1925 1909 1999 1965 (cf
2020 1914 2105 1952 965
2118 1924 2170 1963 sq
2189 1913 2276 1952 976
2287 1910 2363 1966 sq)
2377 1914 2485 1954 969.-

403 1985 627 2025 Zahlreich
667 1985 800 2023 liefen
844 1983 1098 2032 Exemplare
1143 1982 1220 2021 der
1249 1983 1392 2021 ersten
1421 1982 1616 2031 privaten
1645 1983 1932 2032 Verbreitung
1960 1983 2051 2023 und
2074 1983 2152 2023 des
2180 1983 2484 2024 Buchhandels

403 2055 752 2096 nebeneinander
794 2054 885 2101 her,
933 2056 1092 2093 erstere
1136 2053 1351 2092 naffirlich
1386 2053 1522 2092 durch
1551 2053 1622 2092 die
1651 2055 1856 2094 letzteren
1885 2057 2111 2094 entwertet
2141 2086 2149 2095 .
2183 2086 2191 2095 .
2226 2086 2235 2095 .
2265 2055 2484 2104 Manches,

404 2138 495 2165 was
524 2128 624 2175 jetzt
655 2126 719 2164 als
751 2126 853 2164 Rest
884 2136 973 2173 sog.
1006 2125 1230 2173 doppelter
1249 2124 1491 2163 Recension
1521 2125 1748 2172 erscheint,
1780 2126 1834 2164 ist
1863 2126 2082 2165 vielleicht
2109 2126 2156 2165 in
2185 2126 2328 2165 dieser
2340 2125 2485 2166 weise

404 2209 457 2236 zu
486 2197 694 2235 erkl'aeiren.
747 2197 794 2245 cf
813 2196 972 2234 ThBirt
989 2195 1142 2235 Abriss
1162 2196 1194 2234 d
1219 2195 1340 2234 antik
1358 2196 1524 2234 Buchw
1554 2193 1733 2247 (Handb
1753 2197 1784 2235 d
1801 2196 1859 2235 Kl
1875 2196 2056 2236 Altertw
2076 2198 2102 2236 I
2115 2194 2166 2236 3³
2186 2195 2327 2251 1913)
2354 2209 2387 2248 ρ
2407 2197 2487 2237 14.·

514 2268 716 2317 Dagegen
737 2267 791 2305 ist
812 2276 859 2305 es
880 2266 1171 2315 unglaublich‚
1193 2266 1279 2304 dass
1293 2266 1622 2305 Textvarianten
1642 2267 1746 2305 oder
1759 2267 2148 2317 Doppellesungen,
2169 2267 2240 2307 die
2258 2279 2342 2307 uns
2357 2267 2487 2308 heute

402 2338 633 2387 vorliegen,
671 2337 738 2375 bis
769 2337 843 2376 aui
872 2337 949 2376 das
980 2338 1201 2376 Brouillon
1229 2337 1307 2376 des
1337 2337 1495 2376 Autors
1525 2338 1661 2376 selbst
1688 2338 1990 2387 zuriickgehen
2019 2338 2223 2379 kfinnten.
2257 2370 2267 2379 .
2299 2371 2310 2380 .
2361 2338 2486 2379 Auch

402 2409 469 2447 fiir
500 2408 630 2447 Ovids
659 2408 1032 2457 Metamorphosen
1069 2408 1158 2446 liisst
1195 2407 1288 2447 sich
1328 2408 1475 2447 solche
1503 2408 1773 2458 Vermutung
1808 2409 1927 2448 nicht
1962 2409 2192 2459 geniigend
2220 2409 2487 2460 begriinden,

403 2480 451 2528 cf
475 2479 516 2517 ib
543 2490 574 2527 p
603 2479 699 2518 325.
759 2479 808 2528 cs
837 2480 969 2518 etiam
1005 2490 1115 2528 quae
1144 2479 1235 2517 dixi
1260 2479 1444 2518 Hermes
1471 2479 1638 2518 XXXX
1664 2479 1748 2518 193
1762 2491 1815 2528 sq
1843 2482 1888 2518 et
1914 2481 2120 2519 dixerunt
2144 2481 2313 2520 KFuhr
2337 2480 2494 2520 BPhW

406 2551 516 2588 1908
553 2549 616 2598 Sp
646 2550 742 2598 201,
783 2549 925 2588 FBick
961 2550 1033 2588 Lit
1063 2549 1283 2588 Centralbl
1311 2550 1424 2588 1908
1451 2550 1515 2600 Sp
1546 2550 1662 2600 440).
1730 2552 1893 2590 veteres
1934 2553 2081 2590 autern
2126 2553 2171 2591 in
2213 2553 2309 2592 suis
2349 2551 2488 2592 Meta-

406 2620 694 2669 morphoseon
726 2620 847 2659 libris
875 2631 1206 2669 nonnumquam
1236 2621 1431 2666 eosdem,
1468 2632 1579 2670 quos
1606 2621 1749 2660 nostri
1776 2621 1958 2668 habent,
1996 2633 2164 2662 errores
2193 2622 2367 2672 lmese,
2404 2623 2489 2664 hoc

404 2689 599 2738 exemplo
628 2690 971 2729 demonstratur:
1011 2691 1090 2730 VII
1115 2692 1201 2730 390
1229 2694 1377 2730 natam
1396 2691 1455 2739 A,
1485 2692 1624 2730 filiam
1649 2692 1756 2731 Lact
1781 2703 1888 2731 narr
1915 2694 2011 2739 670,
2041 2694 2083 2739 8,
2112 2695 2263 2733 natum
2294 2693 2485 2734 Ovidius.

547 2773 589 2821 2)
619 2773 709 2813 Sed
738 2776 881 2814 tamen
907 2775 1070 2825 falsum
1101 2778 1179 2822 est,
1211 2777 1330 2825 quod
1357 2777 1450 2815 dixi
1476 2778 1521 2815 et
1549 2777 1610 2815 ibi
1637 2775 1685 2826 (p
1707 2777 1807 2827 194)
1837 2779 1883 2816 et
1902 2779 2003 2816 ante
2023 2776 2201 2826 (NJhbb
2222 2779 2348 2829 1893,
2371 2779 2486 2830 601),

409 2855 545 2882 unum
578 2846 746 2884 tantum
778 2846 1000 2896 exemplar
1018 2848 1226 2886 carminis
1248 2848 1292 2886 in
1312 2848 1505 2886 medium
1535 2858 1689 2887 aevum
1721 2849 1889 2887 venisse
1920 2849 1985 2898 (cf
2003 2860 2036 2898 p
2055 2849 2150 2899 IX).
2198 2851 2328 2899 atque
2356 2850 2487 2890 etiam

407 2916 546 2953 erravi
583 2916 787 2965 fortasse,
832 2918 950 2966 quod
992 2918 1084 2956 dixi
1127 2916 1327 2965 (Hermes
1371 2918 1538 2956 XXXX
1571 2918 1673 2968 201)
1718 2918 1956 2969 Daphnen,
2002 2919 2136 2959 Penei
2172 2919 2311 2971 filiam
2355 2921 2401 2959 et
2442 2921 2489 2960 in

413 2985 629 3024 Thessalia
673 2989 899 3033 mutatam,
951 2987 1126 3027 Graecis
1170 2990 1351 3028 omnino
1393 3000 1482 3028 non
1520 2999 1615 3027 esse
1651 2991 1812 3028 notam.
1872 2989 2021 3028 attulit
2047 2990 2165 3029 enim
2193 2989 2492 3041 Acastinioni

407 3054 551 3101 (Studi
574 3067 606 3105 p
632 3057 732 3107 118)
763 3057 846 3096 hoc
875 3059 933 3096 ad
959 3059 1170 3098 Nicandri
1194 3059 1378 3109 Alexiph
1400 3060 1484 3099 198
1510 3059 1730 3099 scholion:
1759 3059 1785 3110 ἢ
1818 3058 1927 3098 ἀπὸ
1960 3053 2192 3113 δάφνης]
2219 3056 2491 3114 Θεσσαλικῆς

412 3118 533 3170 dedu
565 3130 756 3179 πρῶτον
786 3128 880 3166 ἐκεῖ
906 3126 1073 3181 εὑρέθη
1106 3130 1159 3168 τὸ
1192 3131 1349 3183 φυτόν.
1409 3131 1659 3183 κατέστεφε
1687 3123 1736 3168 δὲ
1767 3131 1930 3181 χαίτην
1956 3125 2161 3185 Δελφίδα
2198 3129 2300 3171 εἶπε
2328 3125 2407 3172 διὰ
2436 3131 2491 3171 τὸ

413 3194 497 3244 τὴν
526 3197 667 3249 κόρην
700 3192 988 3249 διωκομένην
1017 3190 1098 3238 ὑπ’
1122 3191 1407 3240 ’Λπόλλωνος
1436 3200 1500 3239 εἰς
1536 3203 1673 3239 ’τοῦτο
1706 3200 1758 3239 τὸ
1790 3200 1937 3253 φυτὸν
1965 3195 2328 3256 μεταβληθῆναι,
2360 3197 2410 3249 ἐξ
2436 3198 2496 3242 οὗ

410 3262 501 3318 ἔχει
547 3267 621 3304 καὶ
670 3267 722 3305 τὸ
769 3266 930 3318 ὄνομα.
991 3266 1161 3322 Δάφνη
1193 3270 1280 3324 γὰρ
1311 3270 1338 3321 ἡ
1383 3271 1492 3324 κόρη
1527 3265 1714 3324 ἐλέγετο.
1772 3282 1913 3320 neque
1958 3273 2103 3313 tamen
2144 3282 2216 3312 res
2251 3273 2368 3312 certa
2410 3274 2490 3319 est,

410 3335 459 3384 cf
509 3347 619 3384 quae
649 3337 741 3375 dixi
768 3338 923 3376 BPhW
947 3339 1061 3378 1907
1091 3340 1154 3390 Sp
1184 3341 1282 3380 946.
1340 3341 1526 3391 denique
1559 3342 1678 3390 quod
1703 3342 1862 3392 scripsi
1874 3342 1978 3382 olim
1994 3342 2195 3392 (Hermes
2209 3342 2377 3383 XXXX
2386 3343 2490 3396 211)

414 3406 725 3445 invocationem
775 3408 927 3447 Terrae
972 3408 1017 3456 (I
1040 3407 1228 3461 5467547
1239 3414 1278 3462 α)
1326 3412 1627 3462 interpolatam
1674 3423 1768 3451 esse
1810 3415 1915 3463 post
1954 3415 2139 3453 aetatem
2182 3414 2383 3454 Lactanti
2415 3415 2494 3464 qui

414 3476 574 3514 dicitur
600 3477 775 3523 Placidi,
807 3480 858 3516 ut
885 3480 964 3527 qui
990 3491 1085 3518 eam
1115 3493 1205 3520 non
1234 3484 1427 3521 novisset
1455 3481 1522 3532 (cf
1539 3494 1572 3532 p
1602 3483 1698 3529 635,
1729 3483 1850 3532 16sq
1882 3484 2085 3523 editionis
2111 3477 2278 3536 huius),
2305 3484 2389 3524 hoc
2416 3485 2491 3526 ab·

411 3545 553 3584 solute
598 3557 687 3585 non
741 3550 876 3587 teneo.
921 3551 1069 3599 potuit
1097 3552 1214 3590 enim
1239 3553 1350 3602 sieri,
1382 3554 1432 3591 ut
1462 3552 1534 3591 illa
1564 3553 1777 3594 invocatio
1806 3555 1907 3593 ante
1935 3554 2208 3594 Lactantium
2239 3555 2412 3595 inventa
2439 3565 2494 3595 ex
2551 3558 2554 3559 ⁷

413 3615 675 3664 apoqraphis
690 3618 947 3666 quibusdam
974 3620 1171 3670 vulyatae
1190 3623 1357 3672 formae
1379 3624 1434 3662 ab
1466 3623 1539 3662 illo
1561 3635 1649 3663 non
1669 3625 1872 3663 con-cetis
1887 3625 2046 3674 flueret
2062 3626 2106 3664 in
2122 3625 2256 3665 libros
2273 3625 2424 3666 classis
2436 3623 2497 3668 X

414 3686 456 3722 et
487 3685 585 3724 inde
616 3697 641 3724 a
670 3690 873 3728 manibus
902 3692 1215 3731 recentioribus
1247 3694 1290 3732 in
1326 3695 1521 3743 marqine
1551 3694 1763 3733 Marciani
1791 3696 1835 3733 et
1862 3695 2140 3745 Neapolitani
2163 3697 2488 3737 adscriberetur.
