2580 4088
341 241 443 290 656
857 241 1082 287 Lactantii
1110 240 1282 285 Placidi
1315 240 1393 296 qui
1424 239 1590 284 dicitur
1618 240 1911 285 narrationes.
2458 0 2542 312 Ἰ

341 384 547 438 devenit
582 384 814 453 petitque
853 385 917 437 ab
957 399 1042 448 ea,
1087 383 1148 435 ut
1184 382 1283 434 sibi
1321 396 1515 448 aquam
1562 381 1628 435 ad
1666 380 1997 437 colluendum
2034 383 2291 438 ieiunium·
2319 399 2432 453 por·
2530 353 2538 394 ὅ

338 470 543 536 rigeret.
604 485 736 538 quae
792 485 912 522 cum
962 469 1282 537 polentatam
1328 466 1592 534 potionem
1640 466 1689 520 ei
1732 467 1960 522 dedisset
2003 470 2056 522 et
2097 468 2191 522 illa
2232 469 2432 523 avidius
2527 452 2532 459 ²

339 555 554 619 biberet,
607 570 735 622 puer
791 553 1002 621 quidam
1056 551 1288 605 eiusdem
1345 566 1495 604 casae
1549 553 1759 605 nomine
1809 552 1977 606 Steles
2031 553 2298 622 procacius
2353 555 2435 608 est

339 640 642 706 prosecutus
681 638 984 707 praedicans
1023 637 1324 689 aviditatem
1362 634 1473 688 eius
1510 635 1566 688 in
1602 636 1843 698 bibendo.
1899 638 2047 691 cuius
2085 638 2181 691 dea
2217 638 2436 692 audacia

339 724 486 792 pueri
523 723 717 776 offensa
752 724 807 774 in
845 723 999 775 malis
1035 723 1236 790 partem
1275 721 1498 789 potionis
1534 722 1590 773 in
1629 737 1752 775 eum
1789 721 1971 776 effudit
2006 721 2248 791 fecitque,
2284 724 2346 776 ut
2381 723 2437 776 in
2472 734 2497 775 5

342 809 614 862 stelionem
682 809 1084 871 converteretur,
1146 806 1235 874 qui
1292 806 1559 874 potionem
1620 822 1854 875 sparsam
1912 808 2233 876 polentatam
2290 809 2436 877 tergo

77 906 160 956 fab
191 902 219 945 6
249 901 314 953 (8)
344 893 637 947 ostenderet
817 892 949 948 Cum
1001 892 1276 957 Arethusa,
1338 892 1572 961 nympha
1627 892 1833 947 Siciliae
1887 892 2067 959 fontia,
2128 893 2218 962 qui
2277 893 2439 948 humo

342 993 551 1047 pressus
590 978 654 1030 ab
694 977 841 1030 Elide
878 977 1009 1041 fluit,
1044 977 1379 1030 indicavisset
1415 976 1590 1031 Cereri
1627 992 1659 1030 a
1690 977 1810 1031 Dite
1846 981 2051 1047 raptam
2075 977 2439 1048 Proserpinam

344 1065 397 1115 et
433 1063 525 1115 illa
561 1078 592 1115 a
626 1062 746 1116 Iove
783 1062 1181 1131 impetravisset,
1219 1062 1264 1115 si
1300 1062 1477 1115 fratris
1515 1063 1715 1133 nuptiis
1752 1065 1997 1117 contenta
2031 1079 2136 1117 non
2178 1066 2340 1133 esset,
2377 1078 2440 1118 ea
2570 1096 2580 1131 Ξ

343 1148 456 1214 lege
495 1149 560 1200 ab
598 1147 779 1200 inferis
819 1148 1031 1201 duceret
1067 1163 1198 1211 eam,
1237 1147 1280 1199 si
1316 1147 1448 1199 nihil
1485 1149 1762 1214 gustasset,
1801 1163 1960 1216 quam
1990 1149 2055 1202 ob
2081 1163 2294 1202 causam
2319 1164 2441 1202 cum
2477 1158 2525 1201 10

343 1232 595 1285 iudicium
630 1232 792 1297 fieret,
829 1233 1168 1301 Ascalaphu8‚
1201 1232 1438 1301 Orphnes
1476 1234 1530 1285 et
1554 1233 1863 1287 Acherontis
1898 1233 2051 1298 filim,
2087 1233 2153 1287 ad
2188 1233 2442 1287 indicium

344 1318 543 1386 primus
581 1317 850 1371 descendit
887 1318 1164 1385 docuitque
1202 1333 1319 1371 eam
1354 1318 1482 1371 mali
1519 1318 1698 1386 punici
1734 1333 1956 1386 granum
1982 1319 2244 1387 gustasse;
2281 1334 2442 1387 quam

346 1403 409 1456 ob
447 1418 558 1455 rem
596 1403 652 1455 in
690 1419 839 1456 avem
877 1404 1140 1457 bubonem
1179 1403 1513 1456 abominandi
1540 1403 1729 1457 ominis
1754 1419 2031 1458 conversus
2057 1405 2151 1457 est.
2209 1403 2444 1473 Iuppiter

347 1489 524 1541 autem
569 1504 630 1541 ex
675 1504 840 1557 aequo
884 1489 1033 1541 fratri
1078 1488 1355 1556 Cererique
1392 1489 1598 1554 tribuit,
1641 1491 1702 1542 ut
1737 1490 1941 1557 partem
1976 1489 2101 1542 anni
2135 1488 2444 1558 Proserpina
2575 1550 2580 1557 ,

83 1583 166 1634 fab
200 1580 227 1623 7
252 1579 318 1635 (9)
349 1573 485 1641 apud
522 1574 707 1637 virum,
745 1575 949 1642 partem
987 1576 1164 1627 autem
1202 1574 1339 1643 apud
1377 1575 1603 1627 matrem
1640 1559 1818 1641 ageret
1972 1574 2196 1639 Sirenes,
2231 1573 2444 1627 Acheloi
2481 1583 2528 1626 15
2573 1604 2580 1643 3

348 1660 401 1710 et
443 1658 796 1729 Melpomenes
841 1674 1022 1712 musae
1068 1659 1227 1723 filiae,
1283 1674 1403 1712 cum
1449 1658 1814 1728 Proserpinam
1866 1661 2071 1727 raptam
2122 1660 2444 1728 requirerent

347 1758 517 1810 neque
562 1758 678 1796 eam
723 1744 829 1796 ullo
873 1744 1025 1796 modo
1069 1745 1282 1812 possent
1324 1744 1579 1809 invenire,
1635 1759 1666 1797 a
1722 1744 1830 1798 deis
1873 1744 2152 1798 novissime
2195 1745 2442 1813 impetra-

349 1829 548 1896 verunt,
585 1830 646 1880 ut
682 1844 859 1881 versae
896 1829 950 1880 in
989 1827 1223 1882 volucres
1260 1844 1366 1882 non
1403 1831 1614 1882 tantum
1650 1829 1706 1882 in
1742 1832 1894 1895 terra,
1930 1829 2023 1883 sed
2047 1829 2207 1883 etiam
2230 1829 2286 1882 in
2310 1829 2444 1883 mari

349 1912 654 1980 requisitam
692 1914 939 1981 consequi
974 1915 1199 1982 possent.
1256 1914 1534 1967 novissime
1573 1914 1893 1968 devenerunt
1928 1915 1994 1968 ad
2019 1915 2222 1984 petram
2245 1913 2444 1980 Martis,

353 2012 484 2064 quae
537 1997 829 2051 inminebat
882 1999 1116 2067 proxima
1169 1999 1369 2068 pelago,
1433 1999 1623 2053 harum
1677 2000 1753 2052 ita
1807 2001 1975 2053 fatum
2019 1999 2142 2064 fuit,
2200 1999 2450 2068 quamdiu
2482 2007 2531 2050 20

493 2181 521 2223 1
551 2179 738 2224 deuenit
766 2195 838 2225 om
868 2183 927 2226 N
972 2182 987 2237 ΙΙ
1048 2137 1319 2226 coliiendum
1349 2181 1428 2237 M,
1461 2180 1733 2225 solvendum
1770 2180 1996 2237 Mumker
2054 2182 2068 2237 ΙΙ
2126 2181 2187 2226 ad
2223 2195 2277 2227 os
2305 2180 2443 2227 collu-

353 2250 518 2294 endum
536 2263 656 2307 porr.
672 2251 930 2296 Raenerius
987 2252 1017 2296 2
1035 2252 1127 2308 pol.
1143 2253 1186 2297 ei
1201 2252 1437 2309 potionem
1454 2254 1513 2296 N
1555 2252 1641 2307 339
1657 2252 1834 2297 uiueret
1845 2256 1975 2306 (corr)
1990 2253 2060 2296 M
2078 2253 2093 2309 ΙΙ
2116 2253 2276 2310 quid(a
2289 2256 2440 2307 eme)m

352 2322 420 2365 M
469 2322 483 2378 ΙΙ
536 2322 721 2378 quidam
751 2336 866 2379 puer
894 2325 954 2368 N
998 2324 1013 2380 ΙΙ
1060 2323 1246 2368 nomine
1278 2323 1393 2374 OV.
1425 2337 1498 2367 om
1527 2323 1658 2380 vulgo
1709 2324 1723 2379 ΙΙ
1773 2336 1892 2380 pros.
1923 2328 1996 2368 est
2024 2325 2084 2369 N
2162 2324 2192 2368 5
2220 2323 2269 2368 in
2298 2323 2445 2377 malis]

352 2391 554 2437 iuvenali
591 2392 631 2437 0
656 2392 893 2451 Weyman,
922 2396 1001 2439 sed
1029 2393 1083 2450 cf
1105 2392 1242 2440 VIII
1264 2393 1345 2450 fab
1374 2394 1408 2438 2
1432 2397 1478 2439 et
1496 2395 1693 2450 passim.
1819 2450 1827 2458 ⁸
1851 2451 1860 2460 ,
1891 2451 1899 2459 ⁸

495 2491 784 2548 Ascalaphus
814 2492 862 2537 in
893 2492 1125 2538 bubonem
1152 2495 1266 2549 post
1293 2493 1376 2538 461
1406 2493 1479 2536 Μ
1644 2493 1674 2538 9
1703 2451 2022 2550 igzlfflffissssestgt
2053 2494 2130 2548 M,
2159 2494 2446 2551 impetrasset

894 2563 912 2588 2

356 2606 415 2649 N
430 2605 622 2662 Vvulqo
673 2606 688 2659 ΙΙ
739 2573 938 2660 conteIJta
969 2609 1010 2659 (c
1040 2620 1141 2651 eras
1169 2607 1360 2660 videtur)
1379 2607 1452 2649 M
1563 2606 1621 2651 10
1648 2606 1883 2651 reduceret
1909 2607 1995 2651 edd
2014 2609 2105 2652 vett
2150 2608 2166 2663 ΙΙ
2216 2613 2447 2663 gustasset

360 2677 405 2720 0
435 2676 483 2730 V,
513 2676 580 2721 ibi
608 2683 727 2730 gust.
759 2677 896 2734 vulyo
946 2678 961 2733 ΙΙ
1009 2680 1115 2733 post
1143 2683 1373 2734 gustasset
1400 2677 1499 2734 fort
1530 2678 1695 2722 lacuna
1724 2678 1970 2722 statuenda
2078 2679 2135 2722 11
2165 2676 2371 2734 Orphnes
2399 2683 2447 2723 et

356 2746 631 2791 Acherontis
651 2746 877 2792 Muncker
902 2748 1049 2805 vulyo,
1080 2747 1466 2804 ospesacheront(i
1495 2762 1554 2793 ea:
1585 2755 1651 2801 er
1681 2749 1759 2805 M,
1791 2748 1987 2805 orpnhes
2014 2749 2083 2803 (et
2109 2749 2308 2793 inseruit
2334 2763 2382 2793 m
2399 2748 2445 2803 2)

357 2818 583 2862 acerontis
612 2819 680 2871 N,
716 2818 884 2875 hospes
913 2818 1195 2864 Acherontis
1232 2819 1276 2864 V
1442 2819 1499 2864 12
1527 2821 1801 2876 gustassem:
1828 2823 1945 2873 eras)
1974 2821 2034 2865 N
2176 2820 2234 2866 13
2261 2819 2447 2871 [ominis

359 2887 404 2940 (h
427 2893 540 2940 eras)
557 2889 626 2931 M
656 2889 670 2944 ΙΙ
693 2889 858 2934 ominis
878 2889 1076 2934 hominis
1096 2891 1190 2945 (sie)
1209 2903 1337 2936 conu.
1370 2891 1430 2935 N
1519 2892 1577 2935 14
1604 2889 1915 2947 proserpinam
1935 2890 1993 2935 N
2075 2892 2133 2936 15
2151 2896 2302 2936 autem
2326 2891 2373 2936 0
2393 2890 2445 2945 V,

359 2973 431 3002 om
461 2960 594 3015 vulyo
644 2961 658 3015 ΙΙ
712 2952 870 3016 ageret
890 2975 964 3005 om
984 2962 1044 3005 N

498 3030 588 3075 VII
617 3031 808 3086 Syrenes
836 3031 885 3075 in
915 3045 1024 3076 aues
1053 3044 1110 3076 ex
1139 3036 1267 3088 parte
1286 3034 1399 3087 post
1416 3031 1505 3076 550
1522 3032 1594 3075 Μ
1625 3032 1639 3087 ΙΙ
1674 3046 1804 3076 exscr
1821 3031 2031 3088 fabulam
2051 3030 2186 3089 Myth
2212 3030 2301 3076 Vat
2318 3029 2452 3077 1186

359 3105 405 3155 (p
435 3101 506 3152 56,
523 3101 576 3144 41
587 3115 635 3156 39
665 3102 821 3156 Rode),
850 3102 905 3158 cf
925 3102 1012 3148 NJ
1011 3102 1063 3146 bb
1094 3103 1191 3155 131,
1206 3102 1294 3147 409
1322 3101 1590 3147 ORossbach
1641 3103 1656 3158 ΙΙ
1707 3103 1894 3147 eandem
1922 3117 1980 3147 ex
1999 3106 2140 3159 parte
2166 3115 2294 3147 eaescr
2310 3101 2448 3160 Myth

361 3172 451 3216 Vat
462 3170 527 3214 II
543 3171 619 3215 IOI
639 3174 691 3227 (p
710 3173 807 3230 108,
822 3173 935 3229 2639
951 3174 1012 3227 Β)
1089 3174 1146 3218 15
1166 3173 1361 3230 Syrenes
1382 3173 1452 3216 M
1470 3174 1485 3229 ΙΙ
1508 3173 1727 3232 acheoloy
1743 3175 1802 3218 N
1862 3174 1920 3218 16
1940 3173 2171 3229 Calliopes
2189 3174 2244 3217 ed
2265 3172 2405 3218 Colon
2426 3174 2443 3226 Ι

360 3240 500 3294 fili(ae
530 3257 586 3286 εει)
615 3243 645 3294 i)
677 3249 724 3287 et
751 3244 885 3300 melp.
916 3257 1073 3289 musae
1101 3246 1161 3289 N
1257 3246 1311 3290 17
1343 3250 1390 3289 et
1419 3258 1519 3290 eam
1550 3244 1737 3289 minime
1765 3244 2051 3289 invenissent
2086 3242 2223 3300 Myth
2258 3243 2289 3287 1
2317 3246 2362 3288 et
2387 3241 2454 3287 II

504 3313 796 3356 acquisiuerunt2

361 3357 475 3410 1739
504 3356 860 3411 impetrauerunt
902 3357 982 3410 M,
1025 3357 1394 3413 impetrauissent
1443 3357 1493 3411 V,
1537 3357 1835 3413 impetrarunt
1869 3356 2005 3413 Myth
2041 3356 2072 3399 1
2099 3359 2145 3400 et
2171 3354 2238 3399 II
2281 3356 2296 3412 ΙΙ
2346 3361 2394 3402 et
2421 3369 2450 3401 a

363 3425 449 3469 diis
477 3439 584 3470 nov.
615 3427 986 3483 impetravissent
1013 3428 1232 3485 Micyllus
1282 3429 1297 3484 ΙΙ
1346 3428 1800 3484 impetn—consequi
1829 3429 2034 3484 possent]
2064 3427 2128 3470 sic
2163 3425 2210 3470 0
2237 3429 2284 3471 et
2312 3425 2449 3483 (falsa

362 3496 485 3538 enim
513 3510 573 3552 ap
603 3497 806 3541 Rodium
826 3513 865 3554 p
895 3499 965 3552 57,
989 3499 1012 3542 I
1046 3499 1275 3556 leyuntur)
1319 3498 1455 3556 Myth
1484 3498 1521 3542 I
1545 3502 1589 3543 et
1616 3498 1682 3542 II
1903 3498 1961 3552 19
1988 3497 2146 3542 martis
2182 3496 2228 3541 0
2255 3497 2393 3554 Myth
2419 3496 2456 3541 I

364 3569 407 3608 et
445 3565 509 3609 II
533 3567 771 3622 Munclcer,
808 3570 946 3614 maris
983 3569 1021 3614 V
1055 3570 1189 3626 vulyo
1220 3570 1330 3614 olim
1381 3571 1394 3625 ΙΙ
1445 3583 1553 3614 nov.
1590 3569 1727 3615 Siculi
1756 3572 1980 3613 venerunt
2009 3567 2068 3611 ad
2101 3574 2276 3623 petram
2314 3567 2451 3613 maris

365 3635 466 3678 Adv
495 3636 546 3679 X
556 3637 588 3681 8
613 3637 765 3682 Barth
906 3639 965 3683 20
992 3641 1203 3695 proximo
1234 3639 1369 3697 Myth
1399 3640 1443 3694 I,
1473 3640 1678 3696 proxime
1706 3638 1842 3696 Mytli
1870 3637 1938 3682 II
2058 3638 2170 3693 2039
2198 3637 2355 3682 harum
2385 3638 2452 3683 ita
2550 3663 2565 3703 {-

365 3703 506 3748 fatum
537 3707 638 3762 fuit,
669 3709 884 3763 quamdiu
914 3722 1066 3754 earum
1098 3723 1190 3755 uox
1211 3711 1369 3755 audita
1387 3723 1481 3755 non
1502 3716 1622 3755 esset
1642 3708 1919 3764 mortalibus,
1949 3714 2184 3754 manerent
2202 3708 2450 3754 incolumes
2546 3705 2565 3781 ᾗ
