2528 4088
378 258 508 297 XXIV

381 399 555 438 titulus:
602 398 806 439 NHeinsii
850 400 977 438 notae
1023 400 1123 441 Mss.
1171 402 1226 440 ad
1271 401 1471 440 Ovidium
1500 403 1605 441 Tom
1634 403 1671 441 11
1701 403 1756 442 ad
1785 403 1957 442 tertium
2001 405 2226 455 exemplar
2260 405 2461 446 editionis

378 470 672 509 Elzevirianae
703 471 826 510 1629.

521 542 672 580 Mser
688 541 936 580 BSanten
958 538 1096 582 148⁶.
1148 543 1260 581 inest
1287 545 1545 591 conspectus
1575 544 1766 583 veterum
1794 545 2030 584 editionum
2052 547 2460 598 Metamorphoseon

380 613 435 652 ab
467 614 561 662 ipso
592 612 827 651 Laurentio
855 612 1021 651 Santen
1064 614 1266 662 scriptus.
1329 614 1442 652 idem
1486 613 1569 653 hoe
1609 614 1703 654 loco
1731 616 1864 665 refert
1905 627 1967 662 ea,
1997 628 2107 666 quae
2136 617 2385 658 NHeinsius
2415 620 2461 658 in

378 684 545 723 schedis
593 685 710 722 tomo
746 685 938 723 seeundo
972 685 1089 722 tertii
1125 684 1383 733 exemplaris
1413 685 1469 723 ed
1494 684 1788 725 Elzevin'anae
1818 687 1930 726 1629
1956 689 2160 739 praefixis
2189 690 2243 728 de
2272 689 2462 730 collatio-

380 755 511 792 nibus
555 754 765 792 Iibrorum
809 764 835 792 a
878 766 926 793 se
969 756 1047 792 aut
1080 755 1209 803 factis
1252 756 1331 792 aut
1374 754 1581 794 adhibitis
1616 757 1860 806 scripserat.
1919 758 2026 798 haec
2063 761 2232 798 tantum
2264 761 2364 800 inde
2391 772 2463 800 ex-

379 825 539 864 seribo:
587 825 723 863 Ante
752 825 872 863 VIII
902 826 993 862 aut
1024 825 1113 862 V11
1142 827 1263 863 cent
1308 824 1526 874 scripti:
1570 826 1733 866 Horum
1763 828 1957 867 omnium
1994 829 2146 879 optimi
2175 832 2218 868 et
2246 831 2464 870 veterrimi

382 908 471 935 sex,
531 896 695 945 Nempe
733 896 1004 935 Florentinus
1036 895 1183 934 Sancti
1230 896 1375 944 Marci,
1425 896 1590 945 primus
1633 898 1865 943 Mediceus,
1909 900 2074 949 primus
2101 900 2337 950 Palatinus,
2365 902 2465 942 Ber-

382 967 671 1017 neggerianus
705 967 1126 1016 [Argentoratensis],
1157 967 1467 1017 Neapolitanus
1498 969 1714 1009 Parrhasii
1744 973 1786 1009 et
1815 971 2082 1019 Urbinensis‚
2112 971 2188 1021 qui
2207 971 2293 1012 duo
2325 973 2465 1012 ultimi

381 1039 516 1078 literis
547 1038 694 1087 scripti
724 1037 1074 1086 LongobardiciS.

521 1110 666 1149 Mser
707 1109 840 1147 Diez
885 1108 1063 1147 BSant
1107 1109 1238 1148 148ε
1268 1109 1294 1147 Ι
1326 1109 1392 1150 11.
1452 1111 1604 1150 insunt
1631 1111 1911 1150 ‘PBurmanni
1941 1112 2082 1162 patrui
2110 1114 2238 1152 notae
2268 1114 2466 1163 autogra-

380 1182 493 1231 phae
524 1181 579 1219 ad
609 1180 837 1219 Ovidium’.
897 1181 1018 1228 quod
1058 1181 1255 1220 additum
1300 1183 1369 1219 est
1395 1180 1519 1220 Edita
1549 1184 1648 1220 sunt
1678 1182 1890 1230 uberiora,
1936 1183 1982 1222 id
2008 1194 2097 1222 non
2127 1183 2240 1223 valet
2266 1183 2321 1223 de
2349 1184 2466 1223 notis

380 1252 620 1302 exegeticis,
655 1262 766 1300 quae
794 1251 958 1290 multae
989 1252 1034 1290 in
1061 1253 1187 1301 parte
1215 1252 1263 1290 II
1290 1252 1581 1292 inveniuntur.

521 1323 664 1366 Mser
707 1323 836 1361 Diez
877 1322 1056 1362 BSant
1098 1322 1243 1362 1480.
1305 1324 1419 1362 inest
1452 1324 1666 1363 NHeinsii
1691 1326 2030 1364 commentarius
2062 1324 2299 1364 Ovidianus
2329 1326 2468 1376 ipsius

383 1406 516 1433 manu
546 1395 750 1443 scriptus.
809 1405 860 1432 ac
885 1393 1005 1443 foliis
1043 1394 1297 1433 152—236v
1327 1395 1579 1434 continetur
1616 1396 1953 1435 commentarius
1983 1396 2027 1435 in
2057 1396 2468 1447 Metamorphoseon

382 1467 514 1505 libros
543 1465 722 1503 I—XIV
744 1465 829 1503 148
856 1465 996 1503 faciet.
1056 1467 1196 1505 cetera
1226 1466 1397 1507 desunt.

522 1550 668 1589 Mser
713 1550 842 1589 Diez
892 1550 1077 1589 BSant
1123 1551 1269 1591 148⁶.
1331 1552 1483 1590 insunt
1531 1549 1576 1599 (p
1603 1551 1770 1602 100sq)
1819 1553 1948 1590 notae
1995 1552 2169 1591 criticae
2213 1551 2297 1592 hoc
2343 1553 2469 1592 titulo

381 1623 598 1672 signatae:
644 1622 695 1660 In
738 1621 1108 1670 Metamorphoses
1154 1621 1300 1660 variae
1343 1622 1550 1661 lectiones
1595 1624 1640 1660 et
1676 1623 1720 1661 in
1746 1623 1837 1672 fine
1867 1621 1985 1671 (post
2010 1622 2069 1662 VI
2092 1622 2219 1674 107).·
2248 1622 2329 1662 Hic
2357 1623 2470 1663 desi-

382 1695 491 1733 nunt
553 1693 764 1742 Excerpta
822 1692 1238 1742 Metamorphoseon.
1322 1694 1548 1742 scripsisse
1604 1704 1652 1731 ea
1710 1694 1881 1732 videtur
1934 1693 2193 1734 NHeinsius.
2272 1695 2474 1744 sequitur

379 1777 411 1815 p
442 1764 523 1802 141
542 1766 611 1814 sq)
642 1764 814 1803 collatio
843 1765 1004 1803 codicis
1033 1765 1299 1803 Lovanensis
1337 1763 1403 1814 (cf
1424 1776 1557 1814 supra
1585 1776 1617 1814 p
1646 1765 1788 1815 XXII)
1821 1766 1923 1804 item
1952 1766 2127 1816 scripta,
2158 1767 2209 1805 ut
2236 1766 2415 1816 videtur,
2445 1778 2472 1806 a

385 1847 519 1875 manu
550 1835 773 1883 NHeinsii,
806 1835 960 1874 deinde
989 1834 1036 1885 (p
1068 1836 1148 1874 151
1171 1838 1239 1886 sq)
1270 1837 1324 1875 ab
1353 1836 1451 1881 alia,
1490 1838 1539 1874 ut
1579 1836 1759 1882 videtur,
1789 1848 1924 1875 manu
1951 1838 2114 1887 scripta
2170 1837 2313 1877 ovidii
2339 1838 2472 1877 Meta-

383 1906 626 1956 morphosis
657 1906 847 1945 Collatus
878 1918 976 1945 cum
1007 1907 1089 1946 VC.
1133 1906 1273 1946 Caroli
1301 1907 1433 1945 Protii
1460 1907 1617 1957 [immo
1645 1907 1822 1957 Sprotii,
1860 1908 1909 1957 cf
1941 1919 2075 1958 supra
2105 1920 2138 1958 p
2168 1908 2327 1958 XXIII,
2378 1910 2471 1948 tum

384 1976 431 2027 (p
463 1978 547 2016 198
561 1978 630 2028 sq)
662 1980 835 2017 exstant
864 1978 1070 2017 lectiones
1097 1979 1309 2027 quaedam
1340 1979 1501 2017 codicis
1529 1979 1742 2027 anonymi
1766 1980 1822 2018 ab
1850 1990 2071 2028 anonymo
2100 1980 2352 2030 descriptae.
2388 1979 2470 2019 has

383 2049 606 2097 excipiunt
633 2047 681 2098 (p
711 2050 796 2087 237
810 2050 878 2099 sq)
938 2049 1074 2088 Notae
1104 2050 1149 2088 in
1179 2049 1322 2089 Ovidii
1349 2049 1717 2099 Metamorphoses
1746 2051 1801 2088 ab
1832 2050 1977 2099 ignota
2006 2061 2141 2089 manu
2169 2050 2366 2100 scriptae.
2397 2061 2472 2090 eas

384 2122 632 2169 sequuntur
674 2120 879 2159 lectiones
923 2122 1147 2169 quaedam,
1193 2132 1301 2170 quas
1341 2121 1474 2160 habet
1515 2121 1819 2170 Fragmentum
1848 2121 2190 2160 vetustissimum
2219 2121 2350 2161 unius
2377 2121 2472 2161 folii

384 2188 579 2242 (signavi
608 2192 652 2229 in
682 2192 960 2230 adnotatione
990 2192 1139 2230 critica
1166 2191 1277 2241 siylo
1306 2202 1362 2245 φ,
1394 2192 1547 2230 insunt
1574 2192 1778 2231 lectiones
1806 2193 1902 2231 adl
1913 2190 2042 2243 1s114
2067 2193 2366 2244 pertinentes).
2426 2194 2472 2232 in

381 2263 471 2312 fine
501 2262 602 2301 libri
630 2260 675 2310 (p
704 2262 788 2301 311
806 2265 875 2313 sq)
921 2265 1134 2302 notantur
1171 2262 1415 2312 permultae
1458 2264 1730 2302 coniecturae
1775 2264 1964 2302 virorum
1995 2264 2222 2303 doctorum
2250 2265 2309 2304 ad
2334 2265 2471 2304 Meta-

385 2334 643 2383 morphoses
672 2336 931 2383 spectantes,
959 2334 1190 2383 pleraeque
1219 2334 1395 2374 aliunde
1423 2336 1562 2374 notae.

526 2405 752 2444 Praeterea
785 2407 958 2444 exstant
987 2407 1031 2444 in
1061 2407 1197 2454 copiis
1217 2406 1436 2445 Diezianis
1470 2407 1637 2454 septem
1666 2406 2076 2455 Metamorphoseon
2104 2407 2273 2447 codices
2300 2407 2475 2447 saeculo

386 2478 464 2514 aut
490 2477 579 2515 XII
604 2478 683 2515 aut
710 2477 819 2514 XIII
845 2478 1028 2516 exarati:
1058 2477 1179 2517 Mser
1208 2477 1314 2516 Diez
1342 2477 1492 2516 BSant
1519 2478 1546 2516 9
1577 2477 1632 2515 10
1662 2477 1715 2516 11
1748 2477 1803 2515 12
1832 2477 1887 2515 13
1916 2477 1973 2515 22
2001 2478 2071 2517 23.
2128 2477 2476 2531 sunthiomnes,

389 2548 440 2586 ut
467 2548 547 2595 qui
574 2547 807 2587 exhibeant
850 2548 1068 2598 vulgatam
1098 2549 1305 2587 carminis
1345 2549 1548 2598 formam,
1593 2560 1617 2587 e
1646 2559 1830 2587 numero
1859 2549 2134 2589 deteriorum.
2193 2550 2404 2600 exscripsi
2430 2551 2477 2590 in

386 2619 663 2658 adnotatione
707 2620 875 2669 aliquas
918 2631 1070 2659 eorum
1115 2620 1330 2659 lectiones.
1391 2622 1582 2659 ceterum
1625 2619 1793 2659 contuli
1831 2620 1954 2659 Mser
1992 2619 2142 2659 BSant
2169 2620 2238 2667 10,
2281 2620 2393 2670 siqlo
2435 2619 2477 2663 d

412 2691 609 2739 iynatum
640 2703 665 2730 a
695 2691 797 2730 XIV
819 2692 906 2730 830
933 2692 991 2730 ad
1013 2692 1149 2742 finem
1179 2691 1385 2730 carminis
1414 2693 1459 2729 et
1485 2692 1634 2730 notavi
1660 2691 1993 2740 discrepantiam
2024 2690 2230 2730 lectionis.

532 2779 742 2838 Quibus
778 2780 941 2828 rebus
977 2779 1234 2842 expositis
1269 2780 1320 2827 si
1356 2779 1481 2840 quis
1529 2779 1768 2840 quaerat,
1817 2791 2084 2839 quasnam
2135 2778 2373 2828 rationes
2419 2779 2476 2828 in

391 2864 925 2927 Metamorphosibus
959 2864 1300 2914 recensendis
1335 2866 1390 2913 et
1424 2865 1479 2912 in
1516 2865 1631 2913 arte
1666 2864 1847 2912 critica
1883 2862 2173 2912 exercenda
2219 2862 2479 2914 adhibere

393 2951 651 3012 oporteat,
689 2951 741 2999 ei
773 2950 910 3000 llaec
940 2951 1056 3013 sere
1091 2950 1414 3013 respondere
1452 2949 1624 2998 velim.
1699 2949 1938 2997 carmina
1976 2947 2066 2997 illa
2101 2949 2340 2998 mutatas
2374 2948 2478 2999 ho-

393 3036 603 3090 minum
640 3036 870 3085 dicentia
901 3037 1112 3100 formas
1146 3036 1390 3098 antiquis
1426 3035 1758 3098 temporibus
1803 3035 2039 3096 pessime
2085 3035 2140 3082 et
2185 3033 2475 3097 neqleyen-

396 3121 600 3169 tissime
625 3121 829 3181 habita,
867 3122 1045 3171 medio
1082 3135 1215 3170 aevo
1255 3121 1473 3170 ineunte
1503 3121 1595 3183 pie
1632 3119 1993 3181 inviolateque
2027 3119 2254 3179 servata,
2285 3121 2478 3181 postea

394 3203 544 3267 (inde
579 3220 611 3254 a
648 3220 771 3255 saec
806 3204 1107 3267 XII—XV)
1145 3207 1336 3255 iterum
1373 3206 1612 3269 graviter
1654 3204 1971 3266 interpolata
2018 3203 2286 3252 habemus
2330 3218 2480 3254 nunc

395 3290 655 3340 Italorum
678 3292 974 3354 piqmentis
1003 3292 1261 3355 fucoque,
1302 3292 1504 3353 quibus
1527 3290 1720 3354 referta
1746 3291 1828 3338 est
1853 3289 2009 3338 turba
2035 3288 2357 3338 deteriorum
2381 3286 2478 3351 (ς),

397 3375 621 3425 detersis
657 3390 719 3425 ea
751 3376 867 3439 fere
897 3376 1095 3439 forma,
1135 3391 1244 3439 qua
1281 3378 1430 3425 aetas
1467 3375 1803 3438 Carolinqica
1839 3374 2057 3436 accepit.
2130 3373 2336 3436 accepit
2378 3387 2479 3423 au-

398 3462 503 3509 tem
541 3462 659 3510 eius
694 3462 1021 3510 recensionis
1045 3462 1374 3521 emendatae,
1414 3475 1576 3523 quam
1601 3460 1672 3510 ab
1696 3459 1919 3509 homine
1940 3459 2075 3507 satis
2098 3458 2256 3508 docto
2274 3458 2479 3522 factam

397 3548 451 3595 et
486 3548 885 3596 commentariis
923 3547 1237 3595 instructam
1277 3560 1393 3595 esse
1428 3559 1593 3608 supra
1617 3543 1676 3608 (p
1706 3542 1797 3606 VI)
1829 3544 2080 3603 diximuS,
2118 3543 2360 3606 exempla
2385 3545 2485 3593 aut

394 3645 664 3694 perpauca
700 3633 1009 3681 autunum.
1072 3633 1210 3680 certe
1246 3630 1307 3680 M
1333 3629 1393 3680 N
1415 3631 1695 3695 fluxerunt
1728 3643 1794 3679 ex
1831 3642 1940 3678 uno
1976 3628 2269 3691 exemplari
2288 3624 2388 3691 (0)
2423 3629 2480 3677 in

394 3718 507 3782 fine
545 3718 669 3767 libri
703 3717 838 3766 XIV
867 3730 1076 3766 manco.
1150 3716 1224 3765 ad
1259 3716 1364 3765 hoc
1411 3715 1549 3766 idem
1600 3716 1733 3778 quin
1778 3714 1999 3763 redeant
2052 3712 2132 3761 illi
2182 3714 2288 3762 tres
2341 3712 2483 3773 libri,
