2580 4088
837 221 975 267 Liber
1003 220 1105 267 XV.
1134 220 1225 268 fab.
1259 222 1444 267 26-46.
2083 218 2185 266 719

93 367 291 421 femina
326 365 383 418 in
419 379 620 418 marem
656 365 873 418 vertitur
1024 364 1235 418 Animal
1270 361 1440 417 ventis
1478 363 1532 415 et
1567 375 1693 414 aura
1719 359 1974 412 nutritum
2012 360 2174 426 quod-
2202 369 2285 419 fab
2315 366 2383 410 39

12 503 18 530 ,¹
94 465 317 519 cumque
372 448 590 516 contigit
643 449 824 502 coloris
880 449 1112 502 eiusdem
1167 448 1328 502 efficit
1507 446 1729 514 LynceS,
1777 444 1950 496 Liberi
1994 445 2178 508 tutela,
2202 453 2284 502 fab
2314 450 2385 493 40

93 536 300 591 urinam
335 535 545 588 vertunt
580 533 636 585 in
671 534 897 602 lapidem
1077 533 1344 590 curalium
1386 532 1518 600 lapis
1556 531 1653 584 sub
1702 544 1838 597 aqua
1872 529 2044 582 mollis
2084 531 2186 590 est,
2209 536 2291 585 sab
2322 534 2378 578 41

10 1137 60 1195 ‚10

13 1559 61 1610 15

95 620 239 673 extra
274 618 503 672 durescit
669 618 941 685 Significat
977 620 1158 685 gentes
1194 617 1382 671 variari
1418 616 1473 669 in
1510 615 1707 684 species
1745 614 1958 667 deorum
1993 614 2176 666 volun·
2203 620 2286 670 fab
2316 618 2382 661 42

92 706 201 758 tate
345 703 524 759 Numa
558 702 844 769 Pompilius
880 704 1087 771 propter
1130 702 1403 755 scientiam
1445 716 1620 754 rerum
1657 715 1688 752 a
1722 698 1908 766 populo
1942 698 2180 751 Romano
2206 704 2288 754 sab
2318 702 2382 746 43

93 789 151 843 in
183 804 407 857 regnum
432 788 513 841 est
545 788 798 855 receptus,
861 788 1012 840 cuius
1049 789 1323 855 praecepta
1359 802 1480 840 cum
1519 786 1639 838 ante
1678 784 1829 837 dictis
1865 783 1995 836 haec
2033 785 2185 836 sunt:

95 888 453 943 quaecumque
489 873 791 936 nascuntur,
826 871 956 925 haec
992 872 1269 925 crescendo
1306 873 1361 925 et
1397 869 1712 924 senescendo
1750 868 2092 921 transmutari
2129 869 2184 920 in

95 958 374 1012 dissimiles
410 957 608 1026 species
634 958 688 1010 et
710 958 827 1025 post
852 956 1053 1009 obitum
1079 957 1155 1009 sic
1179 956 1431 1020 consumi,
1467 956 1529 1007 ut
1553 955 1645 1008 aut
1669 954 1725 1006 in
1749 955 1942 1006 terram
1974 953 2182 1015 abeant,

97 1058 201 1112 qua
237 1058 449 1111 corpora
484 1042 622 1105 sunt,
659 1042 751 1094 aut
785 1042 840 1094 in
878 1057 1010 1106 aera,
1049 1057 1153 1109 qua
1189 1042 1375 1110 spiritu
1423 1039 1676 1094 contineri
1711 1039 1967 1092 videntur.
2031 1054 2187 1106 porro

92 1128 341 1192 Helenus,
377 1127 576 1180 Priami
610 1127 765 1191 filius,
800 1125 959 1179 refert
995 1128 1200 1179 Aeneae
1236 1126 1381 1179 urbis
1419 1125 1657 1178 conditae
1693 1124 2005 1192 positionem

87 1213 286 1282 Egeria
328 1215 447 1282 post
491 1213 713 1265 mortem
757 1211 933 1264 mariti
966 1211 1174 1264 Numae
1219 1211 1274 1263 in
1318 1210 1509 1264 vallem
1551 1209 1817 1262 Aricinam
1863 1224 1919 1262 se
1956 1207 2181 1261 contulit
2204 1217 2288 1267 sab
2318 1213 2383 1258 44

93 1299 280 1367 lugens
422 1297 742 1366 Hippolytus
781 1312 901 1349 cum
947 1297 1154 1365 propter
1200 1295 1468 1348 novercale
1515 1294 1692 1348 odium
1726 1294 2000 1362 propulsus
2045 1296 2182 1346 esset
2206 1302 2290 1352 sab
2318 1299 2386 1343 45

92 1380 265 1453 patria
307 1384 361 1436 et
403 1382 662 1435 Troezena
708 1381 1138 1450 proficisceretur,
1191 1395 1253 1433 ex
1294 1379 1551 1448 inproviso
1595 1380 1728 1431 mari
1772 1379 1940 1432 elatus
1983 1380 2182 1441 taurus,

95 1468 233 1521 sicut
267 1482 455 1536 parens
492 1467 772 1535 optaverat,
821 1466 1186 1533 gravissimum
1235 1465 1283 1517 ei
1319 1464 1509 1517 obiecit
1552 1463 1806 1516 timorem.
1866 1464 2182 1531 exasperatis

96 1553 244 1621 equis
268 1553 469 1605 tractus
492 1551 704 1604 interiit.
761 1566 916 1618 quem
941 1549 1284 1617 Aesculapius
1311 1549 1509 1601 Dianae
1530 1549 1809 1612 voluntate,
1846 1548 1993 1600 cuius
2031 1548 2182 1600 initio

96 1652 270 1691 comes
315 1635 499 1705 fuerat,
541 1635 748 1689 reduxit
792 1635 857 1687 ad
902 1650 1135 1703 superos·
1194 1634 1317 1686 hinc
1354 1621 1588 1687 eiusdem
1638 1633 1764 1686 deae
1806 1633 2079 1686 revocatus
2126 1633 2181 1684 in

95 1737 284 1775 nemus
319 1722 590 1775 Aricinum
625 1719 999 1773 mortalitatem
1037 1719 1192 1772 exuit.
1243 1734 1274 1771 a
1311 1733 1557 1772 converso
1593 1718 1769 1785 itaque
1805 1718 2015 1771 nomine
2054 1717 2182 1770 deus

95 1807 310 1862 Virbius
346 1809 428 1860 est
461 1807 760 1859 nominatus
937 1805 1129 1872 Egeria
1162 1804 1396 1872 nympha
1430 1803 1635 1856 Numae
1671 1803 1914 1871 Pompilii
1958 1803 2181 1856 coniunx
2201 1810 2284 1860 fab
2313 1806 2382 1850 46

238 1992 264 2034 l
292 1989 494 2035 foemina
528 1990 579 2033 L
608 1989 655 2035 V
698 1988 713 2044 ΙΙ
762 1999 887 2031 mare
913 1987 967 2031 P
1013 1987 1028 2042 ΙΙ
1078 1986 1124 2031 Si
1154 1991 1276 2030 tame
1307 1991 1332 2030 ἓ
1361 1985 1535 2042 aliquid
1564 1980 1624 2038 ‘lc’
1654 1985 1776 2041 (408)
1807 1985 1900 2029 add
1928 1986 1981 2029 P

236 2063 264 2106 1
293 2059 483 2105 Animal
510 2061 564 2104 P
586 2060 651 2114 L,
687 2058 962 2104 Camaeleon
990 2058 1044 2114 V,
1077 2056 1383 2101 Chamaeleon
1411 2057 1546 2113 vulgo
1588 2058 1603 2112 ss
1641 2057 1781 2101 uertis
1809 2057 1862 2099 P
1899 2056 1914 2111 ΙΙ
1963 2054 2185 2099 nutritum

94 2133 148 2176 P
171 2132 237 2187 L,
267 2130 465 2175 nutritus
494 2131 542 2177 V
562 2129 695 2186 vulyo
809 2128 839 2172 2
867 2128 1062 2184 contigit
1087 2129 1152 2181 P,
1182 2127 1407 2184 contingit
1433 2128 1484 2171 L
1513 2127 1568 2182 V,
1599 2127 1843 2183 contigerit
1870 2126 2004 2182 vulyo
2053 2126 2068 2181 ΙΙ
2119 2125 2184 2171 ef-

94 2202 194 2246 ficit
221 2203 271 2246 L
300 2201 355 2258 V,
386 2200 585 2246 efficitur
610 2200 758 2256 vulqo,
788 2213 861 2244 om
889 2200 943 2242 P
989 2199 1003 2254 ΙΙ
1055 2198 1110 2242 Id
1141 2210 1279 2254 quoq;
1319 2192 1395 2254 qd’
1426 2197 1574 2241 uentis
1605 2192 1662 2250 qd
1691 2197 1807 2250 (411)
1836 2198 1928 2240 add
1956 2198 2010 2241 P

237 2271 323 2328 289
352 2270 582 2330 Ly(i)nces
601 2270 735 2315 liberi
756 2269 899 2314 tutela
925 2270 1043 2313 PL
1061 2270 1114 2322 V,
1144 2269 1335 2326 Lynces,
1360 2269 1437 2325 qui
1460 2273 1566 2312 sunt
1594 2268 1642 2312 in
1662 2268 1813 2313 Liberi
1842 2268 1984 2312 tutela
2011 2267 2148 2324 vulyo
2170 2269 2189 2323 Ι)

98 2343 231 2389 Victa
261 2341 526 2388 racemifero
556 2336 615 2394 ἰα’
646 2341 766 2395 (413)
795 2342 887 2384 add
915 2341 969 2384 P

239 2414 329 2469 389
358 2412 586 2458 Curalium
616 2413 681 2467 P,
712 2410 927 2457 coralium
957 2411 1007 2454 L
1036 2411 1083 2456 V
1105 2409 1240 2466 vulgo
1261 2412 1277 2464 1)
1299 2409 1373 2454 Sic
1403 2418 1451 2454 et
1478 2409 1695 2453 coralium
1725 2410 1820 2463 (sic)
1851 2422 1943 2466 quo
1973 2399 2035 2461 ‘lc'
2067 2408 2188 2463 (416)

240 2556 327 2610 489
357 2553 597 2609 Significat
627 2553 681 2596 P
708 2553 762 2606 V,
794 2551 1070 2607 Significant
1112 2554 1158 2605 (n
1188 2551 1369 2608 virgula
1395 2550 1670 2607 perfossum)
1698 2551 1748 2593 L
1804 2551 1820 2606 ΙΙ
1869 2550 2063 2595 Deseret
2091 2550 2189 2605 (sic)

98 2631 203 2670 ante
232 2625 331 2670 dies
360 2624 474 2677 (418,
504 2617 563 2676 ‘10’
595 2624 731 2676 deest)
760 2623 852 2666 add
880 2623 934 2666 P

238 2696 269 2740 5
296 2695 446 2740 Numa
473 2695 524 2738 L
667 2693 696 2738 8
724 2694 790 2737 ita
820 2706 942 2737 cons.
973 2693 1027 2736 P
1142 2692 1173 2737 9
1202 2705 1292 2749 qua
1322 2705 1442 2747 corp.
1472 2693 1534 2744 P,
1567 2704 1684 2748 quae
1713 2704 1834 2747 corp.
1862 2692 1913 2735 L
1943 2692 1990 2738 V
2011 2691 2149 2747 vulqo
2171 2691 2190 2746 ΙῙ

61 2764 64 2768 ’
99 2778 191 2823 qua
218 2779 286 2822 sp.
314 2766 378 2818 P,
409 2777 528 2820 quae
557 2777 623 2820 sp.
653 2765 703 2807 L
734 2764 782 2810 V
803 2763 938 2820 mclyo
1050 2763 1108 2808 10
1135 2763 1326 2808 Aeneae
1356 2764 1409 2819 V,
1440 2775 1581 2807 aenee
1604 2763 1668 2816 L,
1702 2775 1814 2807 anee
1842 2763 1904 2818 P,
1935 2761 1994 2807 ab
2024 2759 2189 2807 Aenea

96 2837 231 2894 vulyo
281 2836 296 2891 ΙΙ
344 2835 475 2879 Nunc
505 2847 689 2891 quoque
718 2834 980 2879 dardaniam
1011 2829 1069 2887 -16
1099 2834 1220 2887 (431)
1249 2833 1342 2878 add
1370 2835 1424 2878 P

239 2907 353 2960 1189
381 2905 549 2960 Egeria
577 2906 638 2958 P,
668 2902 871 2961 Aegeria
897 2906 947 2949 L
977 2905 1024 2952 V
1068 2905 1082 2961 ΙΙ
1136 2905 1186 2949 in
1215 2904 1602 2960 vallem-lugens
1631 2904 1678 2950 V
1699 2904 1847 2960 vulgo,
1877 2903 1925 2947 in
1954 2901 2072 2947 ualle
2102 2901 2188 2946 ari-

99 2978 199 3022 cina
227 2982 334 3021 secu
363 2975 469 3020 tulit
497 2975 654 3032 legens
683 2977 777 3029 (sie)
820 2976 883 3029 L,
927 2975 976 3019 in
1006 2975 1126 3020 ualle
1155 2975 1325 3020 aricina
1352 2979 1382 3033 p
1409 2975 1567 3020 dolore
1604 2975 1691 3019 uiri
1728 2974 1932 3019 tabesces
1968 2975 2016 3017 in
2057 2972 2194 3017 fonte

103 3048 175 3092 sui
202 3046 397 3091 nominis
426 3051 496 3090 est
525 3059 744 3091 conuersa
774 3047 867 3098 (sed
895 3047 948 3103 cf
967 3046 1046 3102 fab
1076 3046 1148 3100 46)
1176 3047 1229 3090 P
1274 3046 1289 3101 ΙΙ
1340 3045 1496 3099 Talib;
1527 3052 1623 3102 atq3
1656 3045 1757 3090 aliis
1786 3037 1843 3097 Ἶό
1873 3045 1989 3098 (479)
2018 3044 2112 3088 add
2139 3044 2199 3087 Ρ

242 3117 299 3162 12
328 3116 607 3174 Hippolytus
626 3118 679 3170 V,
711 3116 963 3174 Hypolitus
991 3118 1045 3161 P
1068 3118 1119 3160 L
1233 3117 1346 3172 1389
1374 3116 1522 3172 patria
1540 3117 1593 3160 P
1608 3117 1661 3171 V,
1684 3116 1781 3172 pria
1799 3116 1850 3158 L
1885 3116 1900 3171 ss
1941 3118 2000 3166 et]
2024 3119 2076 3158 ut
2094 3114 2181 3168 PE

100 3188 332 3234 Tmezena
362 3188 415 3240 V,
444 3193 641 3232 troecena
669 3189 737 3240 P,
765 3192 984 3232 troexena
1011 3188 1061 3231 L
1112 3187 1126 3243 ΙΙ
1178 3187 1491 3243 proficiscetur
1518 3188 1572 3231 P
1603 3188 1617 3242 ΙΙ
1640 3191 1710 3239 ex]
1745 3192 1791 3231 et
1817 3187 1871 3230 P
1916 3186 1931 3241 ΙΙ
1980 3185 2187 3241 iprouisu

99 3260 153 3304 P
188 3259 204 3315 ΙΙ
244 3253 372 3303 mari'
409 3259 445 3310 (i
464 3273 486 3301 e
515 3259 672 3313 maris)
702 3259 755 3302 P
864 3259 921 3302 14
950 3258 1297 3314 exasperatist
1326 3259 1380 3311 V,
1410 3257 1719 3315 exaspernatis
1737 3258 1801 3313 P,
1831 3260 1878 3299 et
1907 3253 2192 3310 exasperatis

101 3329 250 3386 vulyo,
280 3329 436 3385 itaque
465 3341 616 3385 exasp.
637 3328 856 3385 Micyllus
942 3329 1001 3374 15
1029 3329 1134 3385 equi
1163 3328 1352 3385 sde(sic)
1384 3334 1553 3373 tractus
1580 3329 1634 3372 P
1715 3328 1772 3373 16
1800 3325 2002 3372 eiusdem
2025 3324 2190 3381 dee(ae)

99 3399 152 3443 P
176 3399 227 3443 L
255 3400 309 3452 V,
354 3399 413 3444 ab
443 3392 598 3445 eadem
630 3399 716 3444 dea
743 3399 877 3456 mclyo
926 3400 941 3455 ΙΙ
992 3412 1030 3444 e.
1061 3399 1174 3445 deae
1209 3400 1394 3445 numine
1422 3400 1588 3453 Burm,
1634 3412 1672 3444 e.
1702 3399 1815 3443 deae
1858 3396 2098 3441 voluntate
2128 3395 2201 3451 (ef

103 3469 167 3513 lin
200 3470 271 3523 15)
300 3470 477 3522 malim,
514 3471 591 3514 sed
620 3470 823 3515 eiusdem
854 3469 967 3515 deae
994 3483 1155 3515 nemus
1173 3471 1271 3528 fort
1290 3469 1658 3527 coniunyendum
1687 3473 1756 3514 est
1803 3470 1817 3525 ll
1869 3472 2108 3514 reuocatus
2139 3468 2198 3511 P

98 3540 149 3584 L
170 3541 223 3594 V,
256 3547 475 3585 evocatus
502 3541 633 3597 vulyo
746 3541 800 3585 17
832 3541 971 3585 exuit.
1001 3544 1042 3593 a]
1066 3541 1130 3585 sie
1158 3541 1306 3598 vulyo,
1338 3541 1466 3587 exuit
1495 3540 1537 3585 ei
1566 3541 1619 3584 P
1643 3541 1694 3584 L
1713 3541 1760 3587 V
1830 3540 1887 3585 18
1915 3539 2076 3585 Fando
2106 3538 2191 3584 ali·

102 3610 284 3666 quando
316 3610 408 3668 (sie)
439 3611 694 3669 hypolitum
726 3605 785 3663 Ἳό
818 3611 932 3664 (497)
962 3610 1069 3655 add·
1089 3612 1143 3656 P

241 3681 298 3726 18
326 3681 495 3738 Egeria
521 3683 583 3736 P,
614 3679 820 3738 Aegei-ia
847 3682 897 3725 L
926 3682 973 3729 V
1016 3682 1030 3737 H
1081 3683 1247 3727 coniux
1278 3683 1328 3726 L
