2580 4088
0 0 45 50 rs

0 1140 76 1183 >10

27 1564 75 1605 15

894 223 1030 269 Liber
1058 223 1136 268 VI.
1166 221 1259 267 fab.
1291 226 1415 268 5—8.
2096 223 2197 270 665

119 368 246 421 dixit
270 369 409 422 enim
433 385 658 424 sororem
684 370 794 422 eius
819 367 1072 420 interisse.
1093 369 1100 375 '
1129 368 1184 419 at
1208 365 1501 419 Philomela
1525 380 1600 429 ea,
1628 379 1759 432 quae
1784 364 1964 431 lingua
1987 365 2199 432 prodere

116 469 222 507 non
262 456 484 521 poterat,
526 458 669 508 veste
711 453 934 506 intexuit
976 452 1113 505 notis
1150 451 1464 513 litterarum,
1514 466 1674 518 quam
1722 450 1881 502 sorori
1917 465 2008 517 per
2044 451 2200 502 sacri-

116 538 294 591 ficium
328 539 393 591 ad
428 537 801 604 stabulassdedit
836 537 928 589 uni
964 535 1339 604 perferendam.
1399 550 1503 603 qua
1537 536 1772 602 inspecta
1807 534 1899 586 illa
1924 550 2045 586 cum
2082 550 2201 587 con-

116 622 252 689 iugis
294 621 564 676 libidinem
607 637 890 689 casumque
929 636 1206 688 germanae
1244 621 1581 688 conperisset,
1626 619 1897 672 constituit
1931 619 2107 686 itaque
2146 635 2200 672 se

114 721 263 760 sacra
315 708 571 761 celebrare
608 707 795 759 Libero
850 705 987 774 patri
1040 709 1093 758 et
1145 721 1287 758 more
1340 704 1642 758 bacchantis
1690 704 1756 757 ad
1808 703 2015 756 stabula
2061 703 2203 755 venit

116 806 444 859 sororemque
481 794 686 860 raptam
722 791 777 843 in
813 790 1012 857 regiam
1051 790 1210 843 duxit.
1264 790 1430 842 filium
1462 789 1583 857 Ityn
1607 788 1872 842 interemit
1896 803 1957 840 ac
1983 787 2202 855 dapibus

114 874 394 929 inmiscuit.
453 877 641 944 quibus
690 875 923 944 expletus
962 875 1155 928 Tereus
1202 875 1371 927 filium
1415 890 1536 927 cum
1574 874 1889 926 desideraret
1923 872 2066 941 Ityn,
2112 888 2203 925 no-

114 959 323 1014 vissime
367 965 524 1030 caput
568 962 678 1014 eius
722 961 778 1012 in
825 962 1002 1013 sinum
1049 961 1351 1013 abiecerunt
1388 959 1501 1028 Itys
1548 959 1799 1012 dicentes:
1839 953 2004 1010 ‘intus
2040 958 2203 1011 habes

115 1060 271 1112 quem
308 1045 602 1099 desideras'.
662 1046 855 1098 Tereus
893 1061 1015 1098 cum
1054 1045 1395 1098 intellexisset
1430 1045 1601 1098 scelus
1638 1045 1830 1097 scelere
1866 1042 2039 1096 ultum
2075 1058 2203 1108 esse,

111 1130 384 1198 coniugem
439 1133 492 1183 et
547 1146 774 1184 sororem
824 1130 1058 1197 coniugis
1106 1130 1231 1182 dum
1275 1131 1623 1198 persequitur,
1679 1128 1893 1182 deorum
1938 1129 2202 1182 voluntate

20 1224 21 1227 ’
113 1215 246 1267 versi
292 1216 416 1267 sunt
461 1215 516 1267 in
561 1231 705 1268 aves:
759 1214 961 1282 Progne
1005 1215 1061 1266 in
1106 1214 1458 1278 hirundinem,
1494 1214 1783 1267 Philomela
1817 1214 1873 1266 in
1908 1213 2199 1276 lusciniam,

111 1298 304 1352 Tereus
338 1301 394 1352 in
421 1315 639 1369 epopem
780 1300 970 1367 Aquilo
1007 1298 1450 1367 cumOrithyiam
1475 1299 1718 1352 Erecthei
1755 1298 1916 1351 filiam
1949 1297 2198 1364 diligeret,
2219 1304 2301 1355 fab
2334 1302 2364 1344 8

110 1398 279 1450 neque
322 1384 444 1437 ullis
495 1385 736 1453 precibus
773 1400 804 1437 a
840 1385 1142 1452 parentibus
1175 1385 1380 1451 puellae
1415 1385 1692 1451 impetrare
1728 1384 2003 1451 potuisset,
2049 1385 2109 1434 ut
2145 1397 2201 1433 se

109 1469 165 1520 in
202 1467 512 1522 affinitatem
548 1470 850 1538 reciperent,
886 1469 1081 1522 viribus
1118 1485 1244 1521 usus
1270 1469 1378 1521 suis
1404 1469 1636 1521 Athenas
1662 1468 1871 1521 advenit
1895 1469 1948 1520 et
1971 1466 2200 1534 puellam

109 1555 315 1621 raptam
352 1554 408 1606 in
446 1554 726 1608 Thraciam
761 1554 976 1622 pertulit
1009 1554 1188 1620 ibique
1225 1553 1492 1621 gravidam
1530 1552 1668 1605 fecit.
1731 1569 1792 1605 ex
1828 1568 1931 1620 qua
1967 1551 2200 1618 geminos

111 1637 273 1691 Zeten
310 1642 364 1691 et
399 1638 581 1693 Calain
616 1638 924 1707 procreavit,
962 1653 1184 1705 quorum
1220 1640 1401 1706 postea
1436 1638 1631 1690 umeris
1668 1638 1780 1690 alae
1816 1637 2085 1690 volucrum
2119 1635 2199 1686 in-

111 1727 403 1792 creverunt,
458 1739 550 1789 per
594 1739 723 1791 quas
766 1723 997 1791 parentis
1040 1723 1325 1790 imaginem
1370 1722 1635 1776 referrent.
1706 1722 1942 1775 Pandion
1997 1735 2199 1788 quoque

111 1807 282 1861 dolore
336 1811 578 1861 natarum
631 1811 805 1862 tactus
852 1809 1020 1861 caruit
1063 1809 1172 1862 vita
1213 1823 1536 1876 regnumque
1574 1808 1859 1861 Erectheus
1902 1806 2042 1859 filius
2089 1806 2200 1858 eius

109 1892 351 1960 possedit.

254 2062 282 2104 1
312 2073 462 2105 sorem
494 2062 527 2118 β
576 2062 592 2115 ΙΙ
641 2060 859 2105 interissit
888 2060 981 2115 (sic)
1011 2063 1067 2106 N
1166 2061 1196 2104 2
1223 2061 1374 2117 potuit
1402 2062 1461 2105 N
1497 2063 1512 2115 n
1551 2067 1681 2104 ueste
1710 2060 1744 2116 β
1769 2060 1814 2103 0
1835 2060 1888 2113 V,
1919 2058 2037 2103 uesti
2066 2058 2199 2115 vulyo

107 2129 193 2186 28q
222 2143 358 2188 quam
387 2131 532 2188 υαῐῃο,
563 2144 681 2188 quae
710 2132 745 2188 β
765 2132 818 2186 V,
848 2132 920 2189 q<i
937 2146 960 2176 e
981 2139 1114 2188 quae)
1143 2132 1224 2188 M,
1258 2145 1393 2188 quem
1423 2133 1483 2176 N
1527 2133 1542 2186 n
1583 2133 1695 2186 post
1730 2129 2001 2174 sacrificium
2031 2130 2202 2174 desinit

110 2202 144 2258 β
185 2202 200 2257 ΙΙ
242 2214 359 2258 quae
387 2202 534 2247 sorori
564 2202 692 2247 dedit
721 2203 800 2246 uni
829 2202 944 2258 perf.
976 2204 1022 2249 V
1100 2203 1131 2248 3
1160 2203 1287 2247 dedit
1306 2217 1379 2247 om
1409 2204 1468 2247 N
1516 2203 1529 2257 ΙΙ
1580 2201 1895 2257 perferendam
1924 2201 2071 2256 vulyo,
2102 2213 2199 2257 per-

107 2271 345 2317 ferendum
377 2274 455 2328 M,
484 2273 814 2330 perficiendum
844 2275 913 2330 N,
943 2274 1213 2329 perferenda
1242 2275 1289 2320 V
1333 2274 1347 2329 Η
1393 2274 1565 2317 insecta
1596 2273 1654 2317 N
1734 2274 1764 2316 4
1791 2273 1945 2327 itaque
1976 2271 2034 2327 O,
2065 2284 2138 2314 om
2160 2271 2207 2316 V

108 2343 243 2399 vulyo
294 2343 309 2398 ΙΙ
361 2343 416 2399 ef
449 2345 511 2388 ad
530 2359 569 2401 p
600 2344 697 2397 634,
715 2344 774 2389 19
968 2345 998 2389 6
1026 2344 1173 2389 filium
1203 2345 1288 2389 itin
1308 2345 1446 2402 (Itym
1483 2345 1547 2396 V)
1578 2345 1642 2387 M
1666 2344 1718 2399 V,
1747 2342 1987 2398 filiumque
2015 2342 2116 2399 ytin
2145 2342 2205 2385 N

111 2415 136 2458 ’2
164 2414 352 2459 teresias
380 2415 440 2459 N
484 2416 499 2470 ΙΙ
548 2415 636 2459 itin
664 2416 744 2473 M,
773 2415 875 2474 ytin
904 2417 971 2465 N,
1002 2416 1122 2472 Itym
1145 2416 1191 2462 V
1321 2416 1350 2460 8
1380 2414 1527 2471 capud
1557 2414 1598 2459 ei
1627 2414 1677 2458 in
1706 2413 1808 2458 sinu
1837 2414 1897 2458 N
1941 2414 1956 2468 ΙΙ
2007 2412 2200 2464 dicent(e

110 2497 171 2529 ex
188 2484 245 2536 i)s
264 2485 336 2528 M
414 2486 445 2531 9
471 2486 618 2530 ultum
638 2492 758 2531 esset
777 2487 835 2530 N
917 2486 975 2531 10
994 2486 1207 2531 uoluntas
1227 2488 1285 2531 N
1366 2489 1422 2530 11
1443 2498 1619 2542 progne
1643 2486 1688 2529 Ο
1706 2486 1759 2540 V,
1781 2485 1955 2529 Procne
1973 2482 2201 2528 Muncker

251 2555 382 2600 Zetes
412 2563 458 2601 et
488 2556 638 2602 Calais
668 2570 724 2602 ex
752 2563 882 2613 parte
910 2560 958 2601 in
988 2570 1099 2602 aues
1130 2559 1243 2606 (sine
1273 2561 1480 2610 numero)
1507 2559 1612 2613 post
1640 2556 1725 2601 674
1758 2555 1825 2598 M
1907 2555 1964 2599 12
1993 2553 2199 2613 Orithyia

110 2625 164 2679 V,
195 2625 360 2670 orithia
394 2627 439 2671 Ο
489 2628 504 2683 ΙΙ
555 2627 751 2672 erecthei
779 2627 859 2682 M,
891 2627 1086 2673 erechtei
1116 2629 1184 2682 N,
1213 2627 1446 2673 Erichthei
1466 2629 1520 2681 V,
1550 2625 1791 2671 Erechthei
1820 2627 1954 2683 vulyo
2023 2627 2103 2717 i14
2130 2639 2198 2670 re-

110 2724 328 2780 ciper(ent
355 2739 417 2770 ex
444 2740 547 2770 corr
574 2740 621 2770 m
640 2726 686 2776 2)
714 2728 778 2770 Μ
850 2727 907 2771 15
936 2728 1120 2771 traciam
1150 2729 1214 2771 Μ
1291 2728 1344 2774 16
1373 2726 1536 2771 zethen
1570 2727 1629 2779 O,
1660 2726 1771 2771 Zetu
1802 2726 1849 2771 V
1878 2726 1892 2781 ΙΙ
1943 2726 2070 2769 calan
2098 2726 2162 2769 Μ
2186 2725 2200 2775 ΙΙ

39 2807 47 2822 -’
108 2802 271 2850 postea
304 2809 377 2839 om
413 2797 474 2840 N
668 2798 721 2842 17
754 2809 938 2853 quoque
979 2798 1193 2853 amphion
1234 2798 1327 2851 (sic)
1357 2799 1425 2850 N,
1458 2798 1595 2853 (pand
1625 2798 1645 2841 i
1663 2812 1688 2841 r
1707 2811 1754 2840 m
1773 2796 1898 2850 Dion
1929 2808 2112 2853 quoque
2139 2797 2203 2839 M

109 2864 168 2909 18
196 2871 366 2911 tractus
394 2868 454 2911 N
493 2868 507 2922 ΙΙ
551 2867 649 2911 uita
677 2870 822 2912 caruit
850 2869 910 2912 N
942 2869 956 2924 ΙΙ
993 2868 1226 2914 erectheus
1251 2869 1310 2926 0,
1341 2868 1610 2913 Erichtheus
1630 2869 1683 2921 V,
1713 2866 1992 2912 Erechtheus
2021 2866 2154 2922 vulyo
2183 2865 2198 2920 [Ι

110 2950 274 3007 Incipit
301 2943 369 2996 lib*
405 2951 494 2997 VII
529 2954 602 3006 M,
633 2946 705 2996 lib
728 2952 818 2997 VII
849 2953 909 2997 N
