2528 4088
0 0 74 165 Ὺ

2 219 7 223 -
36 169 59 222 ἓ
2072 207 2200 245 xxm

23 383 42 402 -,
126 350 386 414 Aloysius
412 344 794 412 Castiylionil).
857 348 921 397 hi
955 362 1288 411 quamquam
1326 349 1458 397 sunt
1494 349 1634 397 inter
1666 347 1954 397 deteriores
1991 350 2043 396 et
2076 362 2200 411 yra-

130 437 264 485 viter
316 433 679 497 interpolatos,
737 435 931 494 tamen,
987 435 1047 482 ut
1089 433 1180 483 hic
1215 447 1301 483 res
1335 447 1395 482 se
1430 432 1610 493 habet,
1658 446 1770 481 non
1809 433 2200 481 contemnendi.

128 520 266 583 quid
299 519 450 581 quod
485 531 541 572 aa
577 520 715 567 miro
753 519 989 580 quodam
1028 533 1156 569 casu
1192 519 1425 568 servavit
1460 518 1738 567 lectionem
1789 531 1966 566 veram
2014 519 2067 566 et
2111 532 2204 580 96-

125 605 378 664 nuinam,
426 605 620 653 misera
669 604 1078 666 interpolatione
1123 618 1189 654 ex
1224 602 1270 653 A
1317 603 1595 666 expulsam
1644 605 1752 652 met
1788 603 1894 651 XV
1924 603 2028 651 154
2076 602 2205 665 quid

129 689 294 754 Styga
331 688 460 752 quid
496 702 685 738 manes
723 690 790 737 et.

267 774 332 823 In
359 773 634 823 codicibus
660 773 1109 836 Guelferbytanis,
1148 788 1380 836 quorum
1418 773 1806 836 discrepantias
1833 771 2044 834 publici
2068 772 2201 820 iuris
2225 784 2281 821 w

120 859 254 923 fecit
286 858 672 918 ABernardini,
715 858 910 907 bonam
950 858 1228 908 lectionem
1265 858 1485 907 aliunde
1522 859 1762 920 iqnotam
1788 870 1900 906 non
1926 854 2011 919 (cf
2029 858 2207 905 tamen

126 944 202 994 ad
220 943 328 992 XV
343 941 472 1004 570)
495 944 718 1005 repperi.
774 957 873 992 nec
908 957 1031 992 vero
1070 943 1303 992 laborem
1343 942 1585 992 inutilem
1627 942 1865 1004 suscepit
1897 942 1978 990 vir
2001 941 2206 991 doctus.

128 1030 184 1078 in
220 1028 328 1077 hoc
363 1029 506 1077 enim
533 1028 670 1077 libro
695 1028 810 1089 XV,
850 1042 989 1090 quae
1013 1030 1096 1078 est
1117 1029 1312 1078 misera
1337 1028 1580 1077 condicio
1605 1028 1738 1088 eius,
1778 1028 1959 1076 omnia
1985 1026 2212 1076 redeunt

127 1126 215 1174 eo,
267 1115 328 1162 ut
372 1114 651 1175 appareat,
704 1127 844 1175 quae
891 1113 1143 1162 lectiones
1191 1127 1456 1162 consensu
1506 1114 1749 1162 omnium
1801 1112 2058 1161 librorum
2097 1109 2207 1174 (A),

127 1211 375 1260 quaeque
410 1200 507 1247 aut
536 1199 729 1261 paucis
763 1200 861 1247 aut
895 1198 1128 1261 singulis
1164 1198 1420 1261 exemplis
1458 1198 1683 1247 traditae
1720 1198 1846 1258 sint,
1903 1197 2066 1259 idque
2101 1198 2211 1245 nisi

129 1283 406 1332 codicibus
443 1296 606 1345 quam
640 1282 893 1345 plurimis
929 1284 1168 1332 excussis
1200 1284 1324 1347 fieri
1357 1297 1469 1332 non
1501 1284 1696 1345 potest.

271 1367 484 1417 Codicis
509 1367 822 1417 Graecensis
846 1368 989 1417 1415
1011 1366 1155 1430 (saec
1179 1366 1336 1429 XIII)
1374 1367 1731 1427 collationem,
1770 1380 1934 1428 quam
1956 1366 2205 1429 fecerunt
2223 1380 2269 1429 g

128 1452 506 1516 MPetscheniq
539 1454 593 1502 et
626 1453 926 1515 JRappold,
976 1454 1225 1515 permisit
1269 1452 1424 1512 mihi,
1464 1466 1625 1514 quem
1676 1466 1854 1514 nuper
1887 1466 1916 1500 e
1954 1453 2060 1501 vita
2099 1452 2209 1500 dis-

128 1539 351 1588 cessisse
386 1538 546 1587 multi
578 1552 788 1587 mecum
828 1538 1026 1598 dolent,
1063 1537 1364 1586 HJMiiller.
1416 1538 1675 1599 exscripsi
1699 1537 1951 1585 lectiones
1971 1537 2211 1599 potiores

129 1622 328 1672 codicis
365 1624 525 1672 etiam
564 1624 619 1670 in
658 1622 808 1671 libris
843 1622 1028 1670 I—XI
1030 1622 1085 1671 V.
1161 1623 1266 1671 iam
1307 1635 1431 1671 vero
1468 1621 1808 1670 collationem
1855 1621 2055 1670 codicis
2090 1621 2209 1669 Lei-

128 1709 311 1757 densis
340 1707 587 1756 Vossiani
619 1707 705 1766 51,
743 1720 865 1755 saec
900 1706 1051 1767 XIII,
1090 1706 1259 1755 debeo
1298 1707 1541 1754 comitati
1578 1707 1679 1754 viri
1714 1706 1919 1768 optimi,
1957 1705 2207 1754 Scatonis
2231 1718 2268 1754 v

127 1793 194 1842 de
221 1793 382 1842 Vries.
439 1791 554 1840 dixi
574 1793 758 1843 autem¹
781 1793 832 1840 et
858 1792 924 1840 de
942 1802 1040 1854 gv
1064 1793 1119 1839 et
1153 1791 1219 1839 de
1243 1791 1459 1840 duobus
1493 1790 1769 1839 codicibus
1813 1791 2068 1839 cartaceis
2103 1791 2208 1839 Ba-

125 1876 446 1926 sileensibus
480 1876 619 1933 FV25
655 1877 710 1925 et
742 1876 922 1937 FV112,
962 1877 1061 1938 qui
1093 1877 1225 1924 sunt
1257 1890 1380 1925 saec
1415 1875 1531 1936 XV,
1568 1876 1702 1924 alibi
1728 1871 1986 1939 fusius3).
2062 1876 2212 1925 deni·
2240 1874 2294 1928 b1
2322 1874 2385 1929 b2

128 1976 235 2024 que
272 1963 379 2011 tres
415 1961 625 2010 codices
658 1961 840 2010 Musei
872 1961 1174 2010 Britannici
1213 1959 1413 2024 (Kinys
1450 1961 1521 2010 26
1558 1975 1681 2010 saec
1715 1961 1802 2010 XI
1810 1960 1991 2023 -ΧΠ,
2038 1961 2204 2010 Burn.

124 2046 230 2095 224
265 2059 387 2095 saec
421 2045 573 2107 XIII,
611 2046 809 2095 Harlei.
847 2046 991 2095 2742
1024 2060 1147 2095 saec
1182 2044 1340 2108 XIII)
1377 2046 1606 2095 contulit
1639 2046 1941 2107 Housman,
1980 2047 2203 2096 collatos
2226 2058 2269 2094 x
2276 2057 2372 2108 ,νε

119 2131 330 2196 publici
375 2132 508 2180 iuris
537 2132 670 2195 fecit
703 2127 1104 2194 JPPostyate4).
1179 2145 1209 2180 e
1259 2132 1461 2193 quibus
1495 2143 1530 2181 z
1563 2132 1730 2180 semel
1774 2130 1906 2193 (una
1946 2146 2067 2181 cum
2106 2131 2207 2194 τω)

126 2231 308 2266 verum
345 2217 579 2266 servavit
611 2216 718 2265 XV
746 2217 852 2266 570
899 2219 951 2265 et
988 2216 1179 2266 eodem
1216 2216 1436 2266 lumina.
1513 2219 1744 2266 ceterum
1791 2217 1854 2265 hi
1897 2231 2100 2278 omnes,
2149 2220 2209 2266 ut

125 2303 224 2364 qui
256 2302 369 2350 sint
405 2302 667 2365 vulyatae,
714 2315 855 2364 quae
898 2302 1108 2363 dicitur,
1158 2303 1418 2351 orationis
1454 2302 1667 2365 formae
1702 2302 2003 2363 addicendi,
2043 2304 2205 2351 inter-

119 2387 489 2450 polationibus
523 2387 845 2436 redundant.

264 2471 356 2521 Ad
383 2471 518 2520 haec
543 2472 786 2521 subsidia
811 2472 1017 2521 accedit
1053 2472 1388 2520 voluminum
1425 2487 1593 2521 manu
1629 2474 1951 2535 scriptorum
1982 2473 2205 2536 farraqo

125 2556 409 2619 quaedam,
449 2570 590 2618 quae
624 2570 654 2605 e
693 2556 1014 2606 bibliotheca
1051 2557 1311 2606 Dieziana
1350 2558 1405 2606 in
1446 2557 1823 2607 bibliothecam
1861 2559 2064 2621 reyiam
2102 2559 2203 2607 Be-

122 2642 447 2691 rolinensem
486 2642 731 2711 transiit„
788 2643 977 2691 insunt
1013 2643 1068 2690 in
1103 2642 1195 2691 his
1230 2643 1399 2705 copiis
1430 2644 1700 2705 permulta
1741 2643 2018 2704 Ovidiana,
2065 2658 2205 2706 quae

122 2727 356 2776 maxima
411 2740 477 2775 ex
514 2728 669 2789 parte
724 2727 935 2776 videtur
978 2728 1313 2790 congessisse
1356 2727 1681 2777 Laurentius
1733 2728 1953 2788 Santen,
2002 2730 2203 2792 partim

125 2811 349 2873 codices,
382 2813 583 2874 partim
638 2813 799 2862 notae
849 2827 971 2861 cum
1026 2812 1097 2861 ab
1150 2812 1272 2861 aliis
1325 2813 1638 2862 auctoribus
1691 2815 1804 2862 tum
1852 2828 1884 2863 a
1926 2814 2204 2863 NHeinsio

60 2894 68 2910 ”
127 2897 370 2959 scriptae.
444 2911 507 2946 ac
558 2898 807 2960 graviora
851 2912 954 2947 suo
998 2911 1218 2959 quoque
1255 2898 1372 2947 loco
1410 2899 1465 2946 in
1501 2899 1849 2948 adnotatione
1886 2900 2066 2948 critica
2102 2913 2202 2948 no-

126 2983 372 3031 minatim
426 2982 695 3045 adscripta
752 2983 1004 3032 invenies.
1074 2984 1348 3045 pertinent
1398 2985 1577 3032 autem
1632 2985 1706 3032 ad
1738 2984 2205 3047 Metamorphoses

115 3067 233 3131 fere
267 3066 432 3116 haec:

265 3164 330 3203 Bi
339 3164 391 3203 bl
417 3163 546 3203 Diez
578 3163 686 3210 Qto,
717 3165 855 3204 1069
885 3165 1027 3204 1072
1056 3166 1204 3205 1075.
1262 3165 1412 3204 insunt
1438 3168 1566 3205 notae
1595 3168 1779 3214 criticae,
1806 3168 1968 3217 partim
2000 3168 2203 3208 lectiones

125 3235 335 3281 codicum,
363 3236 526 3285 partim
554 3237 838 3283 coniecturae,
865 3236 1026 3286 partim
1058 3236 1142 3276 loci
1167 3235 1345 3276 similes.
1397 3237 1442 3275 in
1467 3237 1614 3287 fronte
1646 3238 1878 3278 voluminis
1899 3239 2010 3278 1075
2040 3241 2107 3278 est
2131 3240 2203 3278 hic

268 3389 311 3439 1)
346 3390 406 3441 Cf
427 3391 620 3430 eiusdem
649 3391 853 3430 Analecta
882 3391 1101 3431 Planudea
1129 3403 1161 3441 p
1190 3392 1275 3429 262
1288 3403 1355 3442 sq.

262 3457 312 3513 2)
341 3460 462 3500 Studi
490 3461 660 3500 intorno
689 3461 775 3500 alla
805 3462 936 3501 storia
965 3473 989 3501 e
1019 3462 1104 3501 alla
1133 3461 1279 3500 critica
1308 3463 1378 3502 del
1398 3465 1508 3502 testo
1538 3463 1650 3502 delle
1679 3464 1971 3503 Metamorfosi
1991 3464 2198 3503 d’Ovidio.

121 3530 170 3569 Π.
200 3530 235 3569 Ι]
263 3529 374 3570 libro
402 3530 477 3569 XV
506 3531 579 3569 nei
608 3531 746 3570 codici
776 3531 1098 3571 Guelferbitani.
1158 3532 1361 3581 Bologna.
1395 3533 1520 3572 1911.

263 3601 306 3649 3)
335 3600 474 3651 Proyr
499 3600 787 3651 Soph-Gymn
817 3603 942 3650 1893,
973 3604 1002 3642 3
1016 3614 1079 3652 sq.

260 3668 303 3720 4)
333 3671 475 3711 Journ
506 3672 557 3721 of
576 3672 674 3721 phil
700 3672 777 3711 Vol
803 3672 932 3711 XXII
958 3672 1114 3722 154sq.
