2580 4088
408 208 511 255 422
1175 205 1336 250 Peleus
1367 203 1490 261 apud
1521 202 1725 260 Ceycem.

408 350 556 405 offuit
591 351 712 403 huic
749 351 913 404 certe!
988 364 1119 417 quae
1159 364 1213 400 se
1250 346 1506 415 praeferre
1544 344 1742 397 Dianae

408 435 657 489 sustinuit
692 434 981 502 faciemque
1021 434 1145 486 deae
1183 430 1435 499 culpavit3
1499 430 1552 482 at
1589 429 1666 480 illi

406 521 483 574 ira
519 520 659 574 ferox
694 522 837 573 mota
874 521 967 584 est,
1012 515 1227 586 „factis“
1272 530 1370 582 que
1411 512 1798 582 „placebimus“
1839 513 2024 581 inquit.

547 605 658 658 Nec
694 619 855 672 mora,
891 602 1121 656 curvavit
1159 616 1319 653 cornu
1356 614 1614 666 nervoque
1654 599 1901 666 sagittam

405 690 595 759 inpulit
630 692 683 742 et
718 690 960 741 meritam
997 686 1200 739 traiecit
1236 683 1524 736 harundine
1564 684 1815 750 linguam.
2424 693 2496 735 325

405 775 585 842 lingua
620 775 772 838 tacet,
810 788 907 826 nec
943 788 1038 825 vox
1070 771 1428 839 temptataque
1464 769 1622 821 verba
1659 771 1960 837 sequuntur,

405 860 781 926 conantemque
819 857 960 925 loqui
997 871 1118 909 cum
1157 854 1408 922 sanguine
1445 853 1554 907 vita
1589 854 1811 922 reliquit.

406 958 563 1011 quam
599 942 757 995 miser
795 942 1094 1011 amplexans
1133 955 1228 1007 ego
1264 941 1381 992 tum
1416 939 1747 1008 patriumque
1787 939 2015 992 dolorem

405 1028 554 1081 corde
592 1028 689 1080 tuli
725 1026 976 1094 fratrique
1014 1026 1098 1094 pio
1137 1025 1328 1078 solacia
1364 1025 1511 1077 misi!

405 1128 536 1180 quae
573 1113 720 1180 pater
756 1111 897 1164 haud
935 1111 1086 1164 aliter
1125 1125 1283 1178 quam
1321 1113 1500 1162 cautes
1537 1124 1807 1163 murmura
1842 1109 1988 1178 ponti
2424 1117 2498 1159 330

403 1197 589 1265 accipit
626 1198 678 1249 et
715 1198 893 1249 natam
932 1195 1315 1248 delamentatur
1351 1194 1679 1263 ademptam;

402 1283 462 1334 ut
498 1297 616 1334 vero
654 1281 924 1334 ardentem
961 1280 1105 1342 vidit,
1145 1281 1328 1348 quater
1363 1280 1586 1348 impetus
1623 1279 1701 1331 illi

401 1366 456 1418 in
492 1366 690 1419 medios
727 1366 828 1418 fuit
863 1366 937 1418 ire
974 1381 1143 1433 rogos,
1192 1366 1374 1433 quater
1410 1364 1531 1418 inde
1567 1364 1806 1433 repulsus

402 1451 605 1503 concita
642 1451 878 1504 membra
913 1450 1067 1518 fugae
1106 1450 1322 1502 mandat
1359 1449 1649 1517 similisque
1686 1449 1902 1502 iuvenco

401 1536 602 1604 spicula
638 1536 950 1588 crabronum
987 1550 1165 1603 pressa
1202 1535 1398 1587 cervice
1436 1535 1651 1602 gerenti,
2425 1540 2498 1582 335

402 1635 505 1688 qua
538 1621 621 1673 via
656 1619 816 1682 nulla,
855 1620 975 1673 ruit.
1048 1619 1154 1672 iam
1191 1622 1307 1671 tum
1343 1620 1472 1672 mihi
1511 1634 1714 1672 currere
1753 1619 1894 1672 visus

542 1787 628 1833 321
668 1789 870 1844 proferre
909 1789 928 1831 l
986 1788 1000 1843 ΙΙ
1052 1755 1198 1832 danae
1229 1787 1302 1831 M
1439 1787 1526 1832 322
1555 1790 1599 1832 et
1625 1786 1714 1832 323
1744 1799 1832 1843 que
1863 1801 1936 1831 om
1963 1802 2005 1842 μ
2165 1786 2252 1833 324
2280 1787 2300 1832 i
2327 1802 2405 1846 my
2435 1789 2499 1833 122

398 1857 486 1903 325
514 1857 699 1914 Impulit
727 1860 747 1903 i
776 1872 802 1902 r
832 1858 914 1911 122,
944 1857 1134 1914 Expulit
1168 1856 1290 1902 cBas
1319 1856 1367 1902 R
1398 1857 1679 1914 Schepperus
1715 1859 1729 1913 ΙΙ
1766 1858 1974 1903 traniecit
1999 1873 2042 1913 μ
2084 1858 2100 1915 ΙΙ
2136 1858 2369 1903 transiecit
2396 1858 2496 1903 uul-

397 1940 504 1973 nere
545 1930 583 1972 h
746 1928 833 1974 326
861 1933 982 1973 tacet
1027 1929 1088 1972 N
1129 1943 1157 1985 ς
1200 1929 1275 1972 Hs
1319 1928 1464 1986 vulgo,
1511 1929 1629 1974 iacet
1672 1932 1759 1974 cett
1802 1930 1926 1974 Plan
1972 1948 2008 1972 ω
2052 1928 2182 1976 Jahn
2237 1930 2251 1986 ΙΙ
2306 1934 2496 1987 tempta-

400 2011 489 2055 que
516 2014 558 2054 μ
601 2000 616 2053 ΙΙ
652 2008 865 2043 secuntur
894 2000 913 2042 l
1055 1998 1200 2055 3288q
1231 2012 1367 2056 quam
1404 1999 1542 2044 miser
1578 2000 1842 2057 amplexans
1881 2013 1966 2057 ego
1996 2005 2092 2045 tum
2131 2001 2421 2059 patriumque
2451 2000 2494 2045 d.

398 2069 536 2114 corde
579 2069 662 2113 tuli
692 2069 724 2113 f.
755 2070 848 2125 pio]
881 2070 1046 2125 seripSi
1069 2073 1177 2125 post
1204 2070 1481 2115 Ehwaldum
1511 2085 1564 2115 ea
1593 2084 1708 2126 quae
1737 2074 1923 2116 exstant
1957 2071 2008 2115 in
2053 2071 2135 2125 M,
2169 2075 2496 2128 praeterquam

397 2139 517 2194 quod
563 2140 854 2196 patriumque
896 2141 1076 2196 sumpei
1103 2155 1160 2185 ex
1204 2142 1265 2185 N
1290 2175 1299 2184 .
1330 2141 1435 2185 haee
1465 2142 1590 2186 enim
1634 2142 1747 2186 dicit
1792 2140 1941 2198 Ceyx:
1982 2142 2132 2198 ‘quam
2176 2142 2396 2196 (Chionen
2433 2145 2496 2193 30)

397 2210 666 2266 anmleaeans
719 2225 799 2267 eyo
851 2211 990 2255 miser
1032 2212 1116 2267 pio
1169 2213 1300 2256 eorde
1351 2215 1397 2257 et
1440 2213 1655 2268 patrium
1707 2213 1905 2257 dolorem
1950 2214 1985 2266 (i
2028 2228 2050 2256 e
2095 2213 2293 2261 dolorem
2337 2214 2494 2270 patris

401 2280 604 2337 Chiones,
649 2282 728 2337 qui
758 2283 879 2326 idem
908 2285 1010 2327 erat
1036 2282 1187 2339 frater
1213 2282 1491 2336 Daedalion)
1522 2282 1612 2328 tuli
1646 2286 1690 2328 et
1723 2284 1869 2340 fratri
1895 2298 1930 2328 8.
1962 2285 2071 2328 misi
2078 2284 2087 2304 '
2210 2286 2225 2338 [Ι
2351 2283 2494 2339 Quam

398 2364 869 2481 miseigmssplexgna
900 2397 936 2448 (i
966 2410 990 2440 e
1028 2395 1166 2440 miser
1194 2395 1427 2452 amplexus
1456 2410 1504 2439 m
1532 2395 1579 2447 2)
1618 2408 1706 2451 ego
1743 2400 1841 2440 tum
1870 2399 2105 2454 patrisque
2144 2396 2188 2442 d.
2225 2398 2305 2451 M,
2350 2398 2492 2453 Quam

398 2494 534 2539 miser
579 2498 623 2547 (o
652 2495 800 2551 pietas
829 2496 849 2539 i
882 2510 908 2539 r
946 2510 992 2539 m
1026 2495 1075 2549 2)
1121 2507 1209 2551 ego
1254 2500 1350 2538 tum
1394 2494 1682 2551 patriumque
1722 2494 1765 2539 d.
1796 2495 1863 2551 N,
1911 2495 2054 2548 Quam
2099 2497 2236 2541 miser
2280 2509 2310 2541 ο
2348 2496 2494 2554 pietas

397 2561 431 2610 (l
450 2565 711 2620 amplexans
732 2579 826 2609 sscr
858 2565 958 2619 F³J
992 2578 1077 2622 ego
1105 2570 1200 2609 tum
1222 2565 1464 2622 patruique
1493 2568 1526 2618 (ἒ
1545 2566 1785 2622 patrioque
1813 2580 1908 2610 saer
1940 2566 1996 2609 F
2006 2568 2041 2622 ²)
2073 2566 2115 2611 d.
2149 2566 2206 2611 1⁷⁹
2229 2568 2250 2611 l
2279 2581 2320 2624 ς,
2350 2567 2492 2622 Quam

397 2636 533 2679 miser
562 2649 590 2680 o
620 2637 765 2692 pietas
796 2649 883 2692 ego
906 2642 1001 2680 tum
1023 2637 1264 2692 patruique
1283 2637 1388 2687 (trio
1419 2639 1468 2681 et
1497 2650 1593 2680 33ον
1621 2639 1666 2681 et
1694 2637 1826 2693 imq)
1858 2636 1901 2681 d.
1930 2653 1984 2695 μ,
2016 2637 2160 2691 Quam
2180 2637 2346 2683 misero
2369 2672 2376 2678 .
2397 2639 2492 2694 pie-

398 2711 467 2748 tas
498 2740 508 2749 .
540 2718 627 2762 ego
657 2711 754 2750 tum
786 2739 797 2750 .
826 2712 1085 2764 patruoque
1116 2708 1159 2751 d.
1190 2720 1231 2763 e,
1278 2706 1421 2761 Quam
1453 2707 1591 2751 miser
1620 2720 1648 2752 o
1678 2707 1826 2763 pietas
1856 2721 1944 2765 ego
1975 2722 2075 2753 sum
2104 2709 2338 2766 patrisque
2368 2708 2411 2754 d.
2441 2709 2490 2763 h,

399 2776 541 2830 Quam
571 2777 706 2821 miser
735 2777 1000 2834 amplexans
1031 2791 1121 2835 ego
1152 2784 1249 2823 tum
1279 2778 1520 2835 patrioque
1550 2793 1578 2834 ς
1607 2778 1665 2831 R,
1698 2778 1842 2831 Quam
1872 2780 2009 2823 miser
2035 2791 2063 2824 ο
2091 2780 2238 2836 pietas
2269 2792 2356 2836 ego
2386 2786 2493 2826 tunc

397 2849 507 2899 (tum
540 2860 588 2902 9,
634 2861 753 2892 nunc
782 2848 882 2902 alii)
911 2849 1154 2905 patrioque
1192 2849 1235 2893 d.
1281 2862 1318 2904 9
1347 2864 1375 2905 ς
1412 2848 1492 2892 VA
1511 2850 1526 2903 ΙΙ
1550 2855 1807 2906 patruoque
1835 2850 1904 2894 vel
1931 2850 2218 2906 patriumque
2261 2865 2289 2907 ς
2319 2852 2490 2908 liquem

399 2918 583 2971 (misera
614 2931 642 2962 o
672 2919 835 2974 pietas)
867 2932 955 2975 ego
985 2926 1081 2964 tum
1112 2924 1371 2976 patruoque
1401 2919 1609 2965 dolorem
1640 2920 1788 2965 Corde
1816 2921 1900 2964 tuli
1929 2921 2002 2965 Hs
2031 2921 2166 2978 vulqo
2196 2921 2321 2976 olim,
2353 2934 2491 2979 quam

399 2989 533 3032 miser
562 2988 824 3044 amplexans
854 3002 891 3034 e.
923 2995 956 3034 t.
985 2996 1242 3047 patruoque
1273 2990 1315 3036 d.
1337 2989 1516 3035 Merkel
1526 2991 1556 3040 2,
1589 3003 1681 3046 quo
1712 2990 1848 3035 miser
1874 2990 2108 3047 amplexus
2138 3003 2175 3036 e.
2197 2996 2228 3036 t.
2259 2992 2492 3049 patrisque

399 3058 442 3101 d.
472 3057 620 3111 Korn,
652 3073 787 3115 quam
818 3062 954 3106 miser
982 3061 1248 3117 amplexans
1280 3062 1426 3118 patris
1455 3062 1695 3117 patruique
1723 3060 1765 3104 d.
1798 3061 2038 3106 Hartman
2071 3063 2085 3115 11
2117 3075 2250 3117 quam
2279 3062 2489 3106 miseram

399 3128 660 3184 amplexans
691 3129 879 3175 Siebelis
993 3131 1081 3177 329
1110 3132 1278 3177 solacia
1306 3131 1371 3176 ir
1398 3144 1454 3187 n,
1485 3131 1707 3176 solamina
1736 3146 1763 3188 ς
1803 3133 1817 3187 ΙΙ
1859 3145 1894 3176 s.
1924 3133 2024 3176 misi
2053 3133 2124 3189 (ef
2142 3132 2234 3177 387
2251 3131 2337 3177 782
2353 3130 2497 3176 XIII

402 3198 499 3251 702)
530 3200 602 3243 M
625 3200 813 3244 eBonon
844 3200 1022 3246 Merkel
1034 3203 1064 3256 ²,
1095 3216 1130 3247 s.
1162 3203 1263 3247 misi
1294 3203 1390 3247 dixi
1419 3201 1546 3247 Mser
1574 3202 1691 3246 Diee
1721 3201 1891 3248 BSant
1919 3203 2041 3256 1482,
2087 3202 2184 3247 dixi
2230 3202 2292 3246 N
2319 3204 2374 3246 X
2408 3203 2490 3248 VA

398 3269 533 3326 vulgo
555 3271 569 3326 ΙΙ
591 3275 666 3312 καὶ
697 3274 763 3330 τῷ
795 3273 962 3333 οἰκτρῷ
995 3278 1201 3330 συγγόνῳ
1234 3274 1541 3330 παραμυθίαν
1562 3276 1849 3330 προσήνεγκα
1870 3274 1992 3318 Plan
2078 3272 2166 3319 330
2193 3272 2326 3328 Quod
2360 3279 2491 3328 pater

400 3340 420 3382 l
456 3341 469 3395 ΙΙ
492 3339 538 3392 (h
558 3342 650 3384 add
670 3356 715 3384 m
735 3341 876 3394 2)aud
904 3343 985 3396 Μ,
1015 3342 1126 3388 haut
1157 3343 1215 3387 F
1248 3345 1262 3400 ΙΙ
1303 3347 1548 3397 murmur(a
1577 3344 1641 3387 ir
1660 3357 1707 3387 m
1726 3343 1772 3397 2)
1801 3356 1830 3388 e
1943 3344 2029 3389 331
2058 3342 2254 3399 Accepit
2283 3344 2419 3399 (corr)
2450 3344 2489 3387 h

398 3410 593 3460 332s339
622 3417 842 3467 quater—
852 3412 1026 3469 potitur
1054 3415 1128 3458 del
1155 3414 1333 3459 Merkel
1343 3416 1361 3442 ³
1502 3413 1591 3460 332
1618 3416 1816 3470 impetus
1844 3413 1908 3458 illi
1938 3415 1958 3458 i
1984 3428 2010 3457 r
2038 3426 2078 3458 η
2197 3413 2286 3460 333
2313 3414 2360 3457 in
2381 3418 2489 3468 (me-

401 3479 782 3538 dios—repulsus
811 3483 830 3527 i
858 3498 884 3527 r
912 3499 959 3528 m
988 3484 1032 3537 2)
1062 3487 1116 3529 Ν
1256 3486 1345 3532 335
1374 3484 1645 3530 scrabonum
1683 3484 1741 3537 O,
1770 3484 2058 3529 serabronum
2098 3483 2160 3541 (ql
2191 3483 2364 3529 hornuz
2394 3497 2489 3528 sacr

400 3554 452 3604 9)
484 3564 519 3605 9
550 3553 570 3595 l
598 3556 643 3597 et
673 3552 724 3597 in
756 3568 832 3610 my
861 3570 924 3609 μ,
955 3554 1194 3600 scraboum
1227 3572 1268 3611 μ
1309 3557 1322 3612 ΙΙ
1358 3556 1454 3601 lesa
1480 3570 1522 3653 {a
1551 3569 1600 3626 3‘.
1622 3556 1838 3637 impressa
1858 3555 2004 3600 Bothe
2129 3555 2217 3601 336
2245 3555 2337 3599 ruit
2365 3555 2426 3599 N
2446 3569 2487 3610 μ

401 3651 438 3703 h
470 3662 490 3703 l
520 3676 547 3718 ς
575 3663 678 3718 VA,
709 3664 797 3708 fuit
826 3669 858 3718 (ἱ
879 3667 968 3710 ruit
996 3680 1090 3711 saer
1121 3668 1220 3722 ΙΝ)
1249 3669 1322 3712 Μ
1347 3668 1404 3712 F
1427 3667 1486 3725 R,
1523 3619 1619 3712 {ugit
1648 3680 1689 3720 e,
1719 3666 1842 3724 fugit
1862 3678 1908 3721 p
1937 3681 1964 3722 ς
