2580 4088
747 173 833 219 Ov.
862 174 1041 220 Metam.
1071 173 1170 219 Lib.
1200 174 1236 228 1,
1265 188 1310 218 v.
1344 177 1565 218 146-183
2129 176 2193 222 15

0 355 9 386 :
257 317 400 384 Quae
436 318 583 385 pater
618 317 678 370 ut
714 331 921 369 summa
957 316 1084 369 vidit
1121 317 1395 371 Saturnius
1433 331 1564 379 arce,

114 403 331 472 ingemit
368 404 433 465 et,
469 401 606 454 facto
641 401 874 454 nondum
910 402 1120 468 vulgata
1155 402 1365 465 recenti,

21 470 32 485 ⁹
114 487 265 542 foeda
298 487 587 555 Lycaoniae
622 484 853 538 referens
890 487 1121 539 convivia
1156 501 1385 552 mensae,
2127 494 2195 534 165

112 573 349 640 ingentes
386 571 558 623 animo
595 572 649 623 et
685 570 868 637 dignas
902 570 1022 623 Iove
1060 570 1284 639 concipit
1318 571 1436 635 iras,

113 656 491 723 conciliumque
528 656 702 707 vocat:
740 655 910 707 tenuit
945 670 1092 707 mora
1127 656 1272 707 nulla
1306 656 1527 708 vocatos,

252 741 349 793 Est
382 741 467 793 via
502 739 754 803 sublimiS,
792 739 933 792 caelo
971 739 1248 791 manifesta
1285 755 1488 792 sereno:

111 826 280 879 lactea
314 840 505 878 nomen
540 825 712 888 habet,
750 824 968 877 candore
1005 824 1248 877 notabilis
1284 823 1407 892 ipso.

110 910 210 964 hac
245 910 344 963 iter
379 912 459 963 est
494 910 692 976 superis
731 909 796 961 ad
832 909 1014 976 magni
1049 911 1189 962 tecta
1225 909 1477 962 Tonantis
2123 917 2192 958 170

108 994 438 1062 regalemque
476 994 704 1047 domum.
779 994 956 1046 dextra
991 995 1239 1061 laevaque
1278 994 1490 1047 deorum

110 1079 243 1133 atria
275 1079 529 1133 nobilium
565 1079 726 1132 valvis
765 1079 1091 1132 celebrantur
1127 1079 1320 1144 apertis

111 1163 277 1234 (plebs
312 1164 516 1217 habitat
553 1163 753 1216 diversa
788 1164 958 1227 locis):
996 1164 1095 1216 hac
1131 1166 1276 1231 parte
1312 1164 1548 1232 potentes

109 1249 382 1303 caelicolae
420 1247 646 1316 clarique
685 1264 804 1301 suos
840 1264 1054 1316 posuere
1091 1251 1321 1316 penates.

107 1334 193 1387 hic
228 1334 373 1387 locus
411 1335 505 1398 est,
543 1348 713 1401 quem,
750 1333 794 1385 si
830 1333 1000 1385 verbis
1038 1333 1255 1386 audacia
1292 1333 1456 1396 detur,
2120 1342 2191 1383 175

106 1419 247 1472 haud
282 1420 497 1471 timeam
532 1419 710 1485 magni
748 1418 933 1470 dixisse
969 1418 1171 1470 Palatia
1208 1418 1352 1470 caeli.

249 1504 384 1571 Ergo
421 1503 513 1556 ubi
547 1518 833 1555 marmoreo
870 1503 1043 1568 superi
1080 1502 1256 1555 sedere
1291 1517 1514 1564 recessu,

107 1588 290 1642 celsior
326 1588 436 1656 ipse
472 1588 584 1640 loco
621 1588 922 1654 sceptroque
958 1587 1164 1638 innixus
1202 1587 1397 1638 eburno

105 1672 384 1726 terrificam
419 1671 603 1740 capitis
641 1673 902 1724 concussit
937 1673 1117 1737 terque
1157 1672 1441 1737 quaterque

106 1758 407 1825 caesariem,
443 1772 563 1809 cum
602 1771 704 1823 qua
739 1757 949 1817 terram,
986 1770 1145 1819 mare,
1182 1755 1351 1807 sidera
1386 1755 1562 1807 movit.
2119 1766 2189 1807 180

106 1842 298 1896 talibus
334 1841 454 1894 inde
491 1840 659 1893 modis
697 1855 786 1893 ora
820 1840 1148 1907 indignantia
1185 1839 1361 1892 solvit:

242 1921 382 1979 ‘Non
419 1940 512 1992 ego
547 1933 640 1992 pro
674 1924 858 1977 mundi
894 1940 1052 1992 regno
1087 1924 1255 1991 magis
1293 1923 1474 1976 anxius
1509 1924 1601 1976 illa

102 2012 411 2080 tempestate
448 2010 538 2074 fui,
577 2025 679 2077 qua
716 2011 927 2062 centum
966 2010 1184 2077 quisque
1221 2009 1440 2077 parabat

244 2226 325 2267 173
340 2238 388 2276 sq
415 2226 601 2265 Laeta-nt
627 2223 699 2263 div
728 2224 826 2262 Inst
844 2219 961 2266 116,
981 2220 1042 2262 12
1060 2223 1251 2262 Brandt:
1292 2221 1329 2261 si
1359 2221 1506 2261 domos
1534 2222 1705 2271 habent,
1750 2235 2012 2275 consequens
2042 2227 2105 2264 est
2137 2228 2188 2264 ut

101 2300 144 2337 et
172 2295 302 2336 urbes
343 2295 543 2347 habeant,
573 2297 616 2334 et
645 2292 817 2344 quidem
848 2295 1021 2331 auctore
1053 2292 1088 2331 N
1103 2304 1285 2341 aeone,
1331 2293 1407 2343 qui
1436 2292 1497 2332 ait
1521 2286 1696 2344 ‘plebs
1725 2292 1937 2334 habitat
1967 2294 2188 2354 diversa

46 2375 48 2378 ’
99 2367 250 2419 locis,
279 2378 306 2407 a
333 2368 398 2418 [ac
418 2366 535 2406 PRV
554 2365 635 2405 hac
656 2363 746 2414 sH]
778 2363 952 2402 fronte
980 2358 1548 2414 potentes—penates'.

244 2546 328 2593 163
356 2547 473 2592 uidit
515 2559 690 2591 summa
719 2546 779 2590 N
803 2560 830 2601 ς
873 2544 931 2589 ab
976 2558 1078 2590 arce
1121 2546 1159 2589 h
1329 2545 1415 2590 164
1443 2544 1674 2601 Ingemuit
1716 2551 1763 2589 et
1806 2546 1827 2588 l
1850 2546 1887 2598 f
1922 2545 2123 2589 nundum
2157 2558 2185 2589 e

101 2645 184 2691 165
211 2613 419 2691 hycaoniae
448 2660 484 2689 α
526 2602 688 2690 lica>1²1ie
717 2645 737 2687 l
766 2643 979 2688 conuiuia
1006 2655 1118 2687 cene
1153 2656 1181 2687 e
1211 2658 1238 2699 ς
1395 2643 1479 2689 166
1508 2643 1662 2688 animo
1693 2649 1739 2688 et
1768 2643 1931 2698 dignas
1960 2643 1996 2688 οὲ
2025 2645 2086 2687 N
2110 2645 2184 2688 Hs

97 2716 231 2774 vulyo
274 2716 447 2761 animos
485 2719 523 2769 (s
551 2715 732 2772 virgula
770 2715 843 2758 del
881 2728 920 2767 ε,
950 2717 969 2756 1
1011 2727 1086 2758 1110
1116 2727 1210 2758 sscr
1239 2716 1302 2768 οἳ)
1333 2728 1359 2759 ε
1387 2715 1460 2758 Μ
1482 2729 1514 2758 τ
1544 2715 1564 2758 l
1593 2726 1622 2758 ο
1650 2726 1692 2758 η
1735 2715 1886 2759 animo
1909 2718 1949 2766 ll
1977 2719 2040 2768 (et
2068 2720 2183 2768 eras)

98 2787 261 2843 dignas
290 2788 329 2831 h
357 2786 510 2831 animo
539 2786 702 2843 dignas
727 2786 764 2838 f
775 2797 821 2840 p
841 2785 934 2831 RV
957 2785 1137 2842 digna(s
1157 2786 1176 2828 i
1194 2789 1235 2838 r)
1265 2786 1338 2829 M
1361 2785 1473 2830 Ioue
1503 2799 1576 2829 om
1611 2784 1656 2827 O
1676 2785 1865 2839 animos,
1895 2785 2058 2841 dignas
2086 2786 2122 2829 Ι.
2146 2799 2180 2830 ο.

68 2859 76 2874 ”
96 2857 188 2902 iras
217 2872 245 2914 ς
273 2857 397 2901 Plan
415 2856 544 2902 Jahn
573 2856 750 2901 animos
779 2855 920 2912 digna
948 2855 1062 2900 Ioue
1090 2868 1214 2899 conc.
1244 2855 1312 2899 ira
1344 2854 1644 2913 Gapoferreus
1826 2855 1907 2901 167
1939 2855 2183 2900 Oncilium·

97 2939 186 2984 que
214 2940 243 2972 ε
290 2926 633 2983 Consiliumque
660 2926 870 2971 eBhenov
898 2926 973 2970 Hs
1021 2926 1155 2982 vulyo
1206 2926 1315 2970 olim
1364 2924 1536 2981 βουλήν
1563 2925 1687 2970 Plan
1895 2926 1979 2971 170
2008 2927 2182 2983 superis

94 2998 115 3042 i
130 3011 158 3040 r
183 3009 226 3042 n
399 2996 483 3042 172
510 2996 659 3041 balbis
688 2997 749 3040 N
915 2996 1072 3047 173s74
1100 2996 1175 3040 del
1202 2996 1276 3039 Dc
1309 2995 1544 3052 Ovpoetp
1565 2996 1627 3041 87
1637 2997 1878 3041 Hartman
1906 2997 2037 3053 pleps
2065 3000 2182 3050 (corr

94 3082 142 3113 m
157 3068 202 3122 2>
222 3069 283 3112 N
295 3067 505 3113 habitant
524 3082 551 3123 ς
569 3067 722 3118 Burm
740 3066 869 3124 vulgo
890 3067 998 3111 olim
1036 3071 1051 3120 n
1093 3066 1177 3111 hac
1196 3071 1325 3123 parte
1349 3068 1498 3123 recepi
1525 3067 1590 3124 (ef
1604 3066 1759 3112 NJhbb
1776 3067 1902 3121 1891,
1923 3067 2022 3121 701)
2054 3081 2109 3112 ex
2145 3082 2181 3112 α

92 3136 179 3183 hac
204 3138 357 3183 fronte
384 3138 463 3191 (sie
490 3138 588 3195 fort
615 3137 734 3182 Laet
751 3137 1040 3189 Firmianus)
1071 3151 1098 3181 ε
1125 3151 1162 3180 π
1182 3137 1242 3180 Ν
1263 3151 1295 3181 τ
1324 3140 1368 3182 et
1396 3152 1418 3180 e
1444 3137 1548 3182 coni
1574 3137 1773 3182 Merkel²
1801 3151 1829 3183 a
1859 3139 1895 3191 (i
1913 3153 1951 3191 r,
1982 3138 2040 3183 ha
2068 3139 2179 3196 fuit)

93 3207 148 3253 fr.
176 3209 249 3253 M
286 3222 315 3253 a
341 3206 493 3252 fronte
522 3219 551 3251 e
575 3208 611 3260 f
632 3209 670 3252 h
699 3222 727 3263 ς
758 3225 795 3249 ω
834 3208 969 3264 vulyo
997 3207 1135 3251 Plebs
1166 3207 1346 3252 diuersa
1374 3207 1488 3252 locis
1517 3206 1695 3253 habitat
1723 3222 1752 3253 a
1778 3207 1834 3253 fr.
1876 3210 1898 3252 l
1923 3210 2126 3265 potentis
2151 3210 2188 3262 f

91 3278 210 3335 eUps
237 3292 266 3323 a
292 3278 444 3323 fronte
471 3283 682 3333 potentes
718 3277 812 3322 cael.
842 3277 931 3322 sibi
957 3278 1148 3333 quisquo
1178 3291 1286 3322 suos
1315 3291 1359 3335 p.
1389 3283 1578 3335 penates
1606 3278 1753 3323 Fabri
1930 3279 2013 3326 176
2042 3280 2179 3324 Haud

93 3347 296 3393 dubitem
326 3362 354 3404 ς
382 3347 553 3392 dixisse
581 3347 736 3404 magni
766 3350 899 3402 (corr)
929 3349 968 3391 h
993 3347 1118 3400 caeli]
1151 3347 1271 3403 regis
1301 3361 1328 3403 ς
1358 3351 1401 3392 et
1429 3349 1493 3392 ir
1521 3361 1582 3392 m
1763 3349 1846 3394 177
1875 3349 1955 3394 ubi
1984 3350 2033 3394 in
2062 3363 2178 3394 mar-

90 3430 248 3463 moreo
269 3419 292 3462 l
318 3418 559 3462 marmorio
578 3431 610 3461 τ
639 3417 901 3471 marmonio
921 3421 1031 3471 eser)
1052 3431 1079 3462 ε
1237 3417 1320 3462 178
1339 3417 1415 3463 ille
1443 3418 1546 3464 loco
1575 3420 1635 3463 Ν
1658 3420 1760 3464 loco
1789 3423 1877 3472 (est
1904 3420 2085 3476 viryula
2104 3421 2178 3464 del

91 3501 140 3532 m
157 3487 202 3541 2)
228 3488 301 3532 M
322 3488 515 3544 insignis
543 3490 616 3541 (em
642 3486 743 3532 VII
757 3487 852 3543 103,
873 3488 952 3532 sed
970 3488 1025 3544 cf
1031 3487 1114 3531 XI
1118 3486 1161 3531 V
1172 3487 1274 3540 819)
1293 3488 1599 3534 cBersmanni
1626 3489 1846 3535 Vivianus
1963 3490 2049 3534 180
2076 3503 2175 3535 mo-

91 3562 172 3603 net
193 3558 231 3611 f
356 3558 434 3603 181
468 3571 549 3603 ora
576 3570 649 3601 om
679 3571 715 3600 α
743 3556 999 3614 indignatia
1029 3560 1144 3608 (corr
1171 3570 1218 3601 m
1245 3558 1290 3611 2)
1311 3559 1372 3602 N
1511 3560 1594 3605 182
1622 3560 1714 3605 ulla
1742 3574 1770 3606 ε
1914 3560 1999 3606 183
2023 3558 2112 3604 fuit
2141 3574 2176 3604 α

90 3626 158 3672 fni
196 3640 331 3685 quam
353 3631 469 3682 (cum
505 3630 614 3680 seer)
644 3640 670 3671 ε
707 3639 807 3672 cum
829 3633 937 3684 (qua
964 3640 1059 3672 eser
1085 3642 1132 3671 m
1150 3627 1195 3682 2>
1223 3641 1254 3672 τ
1282 3628 1508 3685 parabant
1536 3645 1564 3686 ς
1593 3631 1745 3675 Burm
1772 3630 1907 3687 vulqo
1936 3630 2046 3675 olim

2225 333 2407 383 Lycaon.
