2580 4088
196 2308 280 2358 fab
309 2306 333 2348 1

381 215 483 263 704
901 217 1128 262 Lactantii
1157 218 1332 263 Placidi
1363 219 1440 275 qui
1469 218 1635 263 dicitur
1662 220 1957 266 narrationes.
2534 253 2553 381 δ

1231 526 1447 579 LIBER
1481 526 1622 583 XIV.

596 683 622 735 I
660 682 835 750 Scylla
871 681 926 733 in
963 680 1147 734 feram.

566 767 622 820 II
660 767 857 819 Eadem
892 766 948 818 in
985 781 1182 818 saxum.

541 852 623 905 III
661 852 911 919 Cercopes
947 851 1003 902 in
1040 851 1233 904 simios

516 937 627 990 IIII
665 937 865 1005 Sibylla
901 936 957 987 in
994 951 1189 989 vocem.
1677 962 1680 966 ·
2509 959 2534 999 5

571 1023 619 1074 V
659 1021 795 1075 Socii
830 1020 998 1075 Ulixis
1035 1021 1091 1072 in
1129 1019 1281 1074 feras.

540 1107 615 1159 VI
654 1106 803 1158 Idem
839 1106 895 1157 in
931 1106 1184 1159 homines

516 1192 619 1245 VII
656 1192 811 1244 Picus
847 1190 905 1244 in
943 1206 1108 1244 avem.

480 1278 617 1329 VIII
659 1277 794 1330 Socii
831 1276 944 1330 eius
981 1277 1036 1328 in
1073 1275 1227 1329 feraS.

462 1362 622 1416 VIIII
660 1362 880 1426 CanenS,
917 1361 1030 1414 Pici
1065 1377 1205 1426 uxor,
1243 1361 1300 1412 in
1333 1361 1519 1414 locum.
1939 1353 1944 1357 ’
2511 1384 2557 1426 10

568 1448 620 1501 X
656 1446 921 1500 Diomedis
960 1446 1086 1499 socii
1121 1447 1178 1498 in
1216 1461 1352 1499 aves,

543 1532 627 1584 XI
663 1532 864 1600 Apulus
901 1532 1078 1600 pastor
1112 1531 1168 1583 in
1206 1527 1531 1585 oleastrum(

508 1617 622 1670 XII
660 1617 832 1670 Naves
869 1619 1075 1669 Aeneae
1112 1616 1168 1668 in
1206 1617 1481 1685 nymphas,

479 1702 619 1756 XIII
658 1701 839 1755 Nereti
874 1703 1014 1754 rates
1050 1702 1105 1753 in
1144 1717 1342 1754 saxum.

452 1787 623 1840 XIIII
661 1786 832 1840 Ardea
868 1787 1029 1839 Turni
1064 1787 1120 1838 in
1157 1802 1322 1840 avem.
2513 1808 2558 1850 15

519 1871 623 1924 XV
661 1870 869 1924 Aeneas
905 1871 961 1924 in
1001 1871 1171 1924 deum.

496 1957 623 2011 XVI
661 1955 986 2010 Vertumnus
1022 1957 1078 2008 in
1115 1972 1289 2009 anum.

473 2041 626 2094 XVII
662 2043 950 2094 Anaxarete
987 2042 1042 2093 in
1077 2041 1319 2109 lapidem.

444 2127 625 2180 XVIII
661 2127 919 2180 Romulus
956 2127 1012 2179 in
1050 2125 1343 2191 Quirinum.

415 2212 627 2266 XVIIII
665 2211 892 2265 Hersilia
928 2212 983 2264 in
1019 2211 1231 2264 Horam.
2506 2231 2555 2272 20

514 2296 746 2351 Glaucus
798 2297 1159 2350 Anthedonius
1216 2297 1546 2366 supradictus
1592 2296 1824 2366 Scyllam
1879 2297 2015 2351 circa
2061 2297 2294 2352 Siciliam
2348 2314 2470 2352 con-

371 2383 601 2451 spicatus
647 2399 768 2435 cum
819 2383 1116 2435 adamasset
1160 2384 1213 2435 et
1262 2382 1384 2450 quia
1428 2382 1592 2435 nollet
1638 2382 1786 2450 sequi
1833 2383 2179 2451 appetentem,
2224 2383 2367 2437 venit
2402 2383 2469 2436 ad

371 2468 556 2523 Circen
581 2469 872 2533 obsecrans,
910 2467 1139 2521 remedio
1177 2472 1235 2520 ut
1273 2468 1472 2520 amanti
1509 2469 1845 2521 succurreret.
1906 2483 2061 2535 quem
2097 2468 2189 2521 illa
2222 2484 2331 2522 non
2366 2469 2469 2522 levi

372 2553 652 2622 cupiditate
692 2555 871 2607 contra
908 2569 1030 2606 eum
1067 2553 1320 2620 nequiens
1366 2568 1397 2604 a
1432 2552 1691 2621 proposito
1719 2552 1995 2615 retardare,
2033 2569 2262 2607 amorem
2284 2554 2469 2608 incidit

372 2639 550 2692 dicens
607 2654 738 2707 quae
784 2641 936 2707 esset,
989 2654 1121 2707 quae
1168 2639 1268 2691 sibi
1314 2638 1670 2706 praeferretur.
1754 2639 2011 2692 instructa
2054 2639 2195 2692 enim
2237 2639 2467 2694 Hecatae
2503 2654 2554 2696 25

537 2808 665 2866 Incip
705 2797 772 2852 lis>
800 2834 812 2842 ·
835 2808 975 2852 XIIII
1003 2808 1075 2850 M
1108 2808 1123 2863 [Ι
1165 2807 1349 2864 fabulae
1381 2806 1487 2850 libri
1514 2805 1641 2854 XIV
1662 2805 1760 2851 sine
1790 2806 1940 2851 titulis
1967 2809 2053 2851 aut
2080 2806 2344 2852 interstitiis
2373 2820 2467 2851 om-

369 2894 449 2923 ncs
478 2879 549 2924 hic
576 2881 596 2925 i
627 2896 702 2938 my
731 2881 1067 2925 continuantur
1100 2880 1160 2923 N
1269 2879 1299 2922 2
1327 2877 1452 2922 scilla
1481 2878 1553 2921 M
1663 2878 1694 2922 4
1726 2877 1952 2934 Cer-copes
1980 2876 2124 2934 vulqo,
2156 2890 2367 2934 cecropes
2385 2877 2465 2932 M,

370 2949 645 3007 Cecropides
675 2953 722 2999 V
744 2952 760 3008 ΙΙ
789 2951 948 2996 simios
977 2951 1056 3007 M,
1088 2950 1242 2994 simias
1262 2950 1309 2996 V
1332 2949 1468 3006 vulqo
1581 2949 1611 2994 ἔ)
1639 2948 1791 2993 sibilla
1809 2949 1882 2992 M
1989 2950 2050 2995 10
2078 2949 2127 2993 in
2145 2949 2295 2994 locum
2322 2949 2397 2993 M
2410 2949 2464 3006 V,

369 3020 418 3064 in
447 3034 579 3066 auras
608 3023 740 3080 vulyo
827 3024 884 3067 14
903 3023 1059 3105 Nereti
1090 3023 1157 3079 (cf
1179 3024 1272 3066 met
1298 3019 1425 3068 XIV
1446 3020 1551 3078 563)
1582 3021 1654 3063 M
1679 3022 1732 3078 V,
1769 3020 1958 3065 Alcinoi
1986 3020 2117 3077 vulgo
2152 3021 2169 3076 Ι
2203 3024 2324 3065 rates
2347 3020 2393 3064 0
2410 3020 2464 3076 V,

924 3090 948 3114 n

369 3119 503 3164 navis
531 3121 667 3178 vulgo
753 3121 810 3165 15
838 3124 950 3167 turri
981 3123 1053 3165 M
1191 3123 1246 3166 17
1277 3120 1505 3166 Vertfinus
1534 3121 1605 3163 M

510 3191 590 3247 fab
621 3192 646 3236 I
691 3193 897 3249 sequitur
934 3194 1092 3239 titulos
1138 3193 1249 3237 libri
1290 3190 1424 3238 XIV
1448 3191 1584 3235 titulo
1613 3205 1708 3236 non
1734 3191 1994 3247 praeposito
2023 3191 2095 3235 M
2139 3191 2155 3247 ΙΙ
2204 3191 2258 3247 cf
2280 3189 2464 3234 Servitoe

367 3259 421 3304 in
450 3261 532 3305 buc
560 3263 638 3308 VI
654 3264 709 3307 74
822 3264 879 3309 21
911 3264 1118 3310 Glacicus
1149 3263 1427 3309 antedonius
1450 3263 1530 3315 M,
1562 3262 1750 3307 Glacian
1779 3261 2025 3307 thedonius
2051 3263 2110 3306 N
2143 3264 2159 3318 11
2200 3260 2326 3306 scilla.
2353 3260 2426 3303 M
2448 3262 2463 3318 n

368 3344 506 3387 supra
535 3333 611 3378 sic.
643 3335 703 3378 N
841 3335 898 3379 22
928 3349 1028 3381 cum
1060 3337 1128 3390 N,
1159 3335 1207 3388 (d
1237 3348 1297 3379 ex
1328 3337 1446 3387 c)um
1477 3334 1558 3388 M,
1597 3333 1705 3377 dum
1736 3334 1783 3381 V
1806 3333 1939 3390 vulyo
1989 3335 2005 3387 ΙΙ
2054 3338 2102 3378 et
2137 3332 2210 3377 del
2237 3330 2463 3376 Mune-ker

368 3402 427 3446 23
446 3403 600 3448 cimen
620 3406 680 3449 N
696 3406 710 3461 ΙΙ
733 3407 934 3452 remedio
954 3408 1131 3463 scripsi,
1147 3405 1348 3451 remedia
1370 3406 1416 3450 0
1431 3406 1478 3452 V
1491 3406 1506 3461 ll
1529 3405 1740 3459 distincti,
1757 3404 1854 3449 obs.
1871 3403 2083 3459 remedia,
2100 3408 2153 3448 ut
2166 3403 2466 3459 distinyuunt

369 3473 503 3529 vulgo
531 3474 547 3527 ss
577 3488 711 3531 quam
743 3478 802 3521 N
839 3479 854 3532 ΙΙ
891 3478 972 3522 illa
1000 3491 1094 3522 non
1127 3477 1173 3522 0
1203 3478 1257 3531 V,
1288 3476 1366 3521 illa
1386 3476 1528 3532 ipsius
1548 3489 1643 3520 non
1662 3475 1799 3533 vulyo
1912 3475 1971 3519 24
1999 3479 2158 3520 contra
2179 3474 2238 3529 0,
2269 3478 2403 3530 capta
2421 3474 2470 3520 V

369 3544 506 3600 vulgo
551 3547 564 3602 Η
601 3560 702 3591 eum
732 3549 904 3603 addidi,
944 3563 1016 3593 om
1059 3549 1105 3593 0
1143 3547 1188 3594 V
1243 3557 1259 3606 n
1315 3561 1514 3592 amorem
1553 3547 1626 3591 M
1650 3547 1703 3599 V,
1743 3559 1897 3591 amore
1934 3546 1994 3590 N
2038 3546 2053 3602 ΙΙ
2103 3558 2190 3589 am.
2226 3544 2388 3589 indicit
2422 3545 2471 3592 V

371 3613 603 3671 Micyllus,
633 3631 720 3663 am.
750 3619 919 3664 indicat
948 3619 1185 3672 Munckcr,
1215 3618 1295 3663 sed
1324 3620 1426 3676 cfp
1448 3619 1546 3672 635,
1565 3618 1625 3663 20
1780 3617 1838 3662 25
1867 3616 2021 3661 dicens
2050 3630 2123 3660 om
2166 3616 2227 3661 N
2269 3617 2285 3670 ΙΙ
2332 3628 2463 3672 prae-

370 3683 563 3729 ferretur
604 3687 658 3744 V,
689 3688 1040 3743 praeferrerctur
1067 3690 1144 3745 M,
1180 3689 1463 3746 praeferetur
1491 3690 1551 3733 N
1594 3691 1610 3744 ΙΙ
1659 3687 1832 3733 haecate
1865 3688 1923 3741 O,
1955 3688 2148 3732 Hecates
2179 3686 2226 3733 V
2247 3686 2378 3743 vulqo
