2580 4088
724 166 807 213 Ov.
837 167 1018 213 Metam.
1046 165 1147 212 Lib.
1176 166 1281 222 XII,
1309 182 1356 214 v.
1380 170 1560 214 18—60.
2081 170 2184 218 449

9 360 15 374 -.
239 305 375 361 Orbe
411 307 555 360 locus
590 307 760 360 medio
797 311 879 362 est
914 310 1049 363 inter
1084 311 1352 379 terrasque
1388 309 1687 379 fretumque

94 391 452 460 caelestesque
487 392 684 460 plagas,
722 392 939 460 triplicis
977 394 1199 448 confinia
1235 395 1432 460 mundi,
2139 406 2187 446 40

0 479 16 540 ξ·
99 476 237 530 unde
276 477 412 544 quod
450 478 530 529 est
567 492 804 544 usquam,
843 480 1079 546 quamvis
1115 480 1410 547 regionibus
1448 480 1598 545 absit,

0 579 19 617 i-
99 560 388 630 inspicitur,
422 563 759 629 penetratque
797 577 950 616 cavas
987 580 1083 617 vox
1119 565 1287 618 omnis
1324 564 1391 618 ad
1428 580 1594 618 aures.

101 644 266 699 Fama
300 647 446 699 tenet
481 661 790 714 summaque
829 647 1042 701 domum
1080 650 1179 702 sibi
1216 649 1346 718 legit
1380 650 1435 702 in
1473 665 1605 715 arce,

0 734 13 796 g
97 730 502 798 innumerosque
541 731 713 784 aditus
751 747 812 785 ac
847 734 990 786 mille
1025 733 1282 787 foramina
1319 734 1469 788 tectis

0 859 11 890 ᾗ
96 815 300 868 addidit
335 818 389 869 et
424 816 583 868 nullis
620 816 833 869 inclusit
867 818 1052 870 limina
1088 819 1270 887 portis:
2141 826 2190 869 45

0 882 14 938 f
99 902 252 953 nocte
290 900 474 968 dieque
510 903 667 968 patet.
738 903 849 954 tota
885 904 967 955 est
1001 918 1063 955 ex
1100 918 1215 957 aere
1252 904 1472 968 sonanti,

101 985 213 1037 tota
247 983 425 1037 fremit
460 1000 712 1054 vocesque
749 987 908 1039 refert
942 989 1213 1055 iteratque,
1252 988 1389 1056 quod
1426 988 1587 1042 audit.

8 1066 11 1070 '
99 1069 246 1122 nulla
282 1069 429 1136 quies
464 1070 606 1123 intus
644 1071 892 1139 nullaque
930 1072 1137 1125 silentia
1173 1076 1334 1141 parte,

99 1169 199 1207 nec
233 1155 412 1208 tamen
450 1158 529 1207 est
565 1156 773 1220 clamor,
810 1157 900 1210 sed
936 1173 1123 1226 parvae
1161 1174 1431 1211 murmura
1466 1158 1619 1228 vocis,

0 1230 13 1276 ὲ
100 1239 278 1307 qualia
314 1239 377 1292 de
415 1241 597 1308 pelagi,
637 1242 799 1309 siquis
836 1243 1014 1310 procul
1052 1243 1242 1303 audiat,
1281 1243 1434 1296 undis
2140 1249 2190 1290 50

103 1339 216 1378 esse
253 1324 437 1390 solent,
474 1327 744 1393 qualemve
783 1343 984 1391 sonum,
1020 1344 1141 1380 cum
1178 1328 1410 1396 Iuppiter
1446 1329 1585 1381 atras

100 1408 359 1477 increpuit
394 1411 575 1479 nubea,
614 1414 846 1464 extrema
881 1414 1110 1465 tonitrua
1145 1413 1385 1466 reddunt.

97 1494 234 1546 atria
268 1495 425 1547 turba
459 1497 628 1548 tenet:
666 1496 896 1556 veniunt,
934 1497 1046 1550 leve
1083 1498 1285 1564 vulgus,
1322 1499 1549 1564 euntque

99 1578 364 1647 mixtaque
403 1595 523 1632 cum
560 1581 693 1632 veris
730 1582 925 1648 passim
962 1584 1257 1634 commenta
1295 1584 1548 1649 vagantur

0 1686 3 1687 ⁷
100 1664 246 1716 milia
281 1680 550 1717 rumorum
587 1664 904 1733 confusaque
942 1666 1096 1718 verba
1133 1666 1384 1719 volutant.
2142 1674 2192 1715 55

0 1788 3 1817 ἑ
95 1763 128 1801 e
168 1749 357 1816 quibus
393 1750 448 1801 hi
484 1765 673 1802 vacuas
710 1751 910 1818 inplent
947 1751 1271 1803 sermonibus
1309 1766 1478 1815 auras,

100 1834 157 1886 hi
193 1824 412 1888 narrata
438 1833 611 1887 ferunt
646 1835 761 1898 alio,
808 1851 1154 1903 mensuraque
1191 1836 1303 1888 ficti

5 1975 8 1977 ,
97 1920 303 1984 crescit,
339 1922 392 1972 et
429 1919 618 1972 auditis
653 1921 847 1988 aliquid
883 1937 1047 1974 novus
1085 1921 1244 1974 adicit
1280 1922 1470 1974 auctor.

100 2004 209 2057 illic
245 2003 548 2069 CredulitaS,
583 2005 692 2058 illic
727 2007 1036 2059 temerarius
1074 2006 1230 2059 Error

99 2103 336 2156 vanaque
371 2088 595 2141 Laetitia
633 2091 714 2142 est
749 2092 1168 2159 consternatique
1207 2091 1438 2144 Timores
2142 2096 2190 2138 60

239 2274 294 2315 39
327 2275 453 2315 Carm
489 2274 860 2325 Pseudo-Cyprian
899 2276 947 2314 de
976 2277 1140 2315 Pascha
1169 2274 1195 2315 1
1232 2275 1404 2325 (Hartez
1443 2274 1650 2326 Cypriani
1694 2274 1840 2326 opera,
1874 2274 1978 2323 Corp
2018 2286 2087 2313 scr
2115 2274 2195 2314 eccl

0 2381 10 2402 ,Γ
94 2345 214 2395 HD:
243 2344 336 2384 Est
363 2344 512 2384 locus
541 2357 597 2383 ex
630 2344 747 2384 omni
775 2344 981 2384 medius
1010 2357 1136 2396 quem
1168 2345 1384 2385 credimus
1411 2345 1537 2384 orbe
1579 2343 1593 2398 ΙΙ
1634 2346 1685 2396 cf
1706 2345 1790 2385 Riv
1820 2345 1866 2384 di
1885 2345 1960 2384 Fil
1979 2346 2201 2386 XXXVII

98 2414 273 2467 (1909),
306 2414 336 2456 3
364 2417 532 2457 Pascal.
1978 2415 1981 2418 ·

243 2486 309 2527 54.
343 2486 396 2527 56
426 2487 629 2527 Heiricus
656 2487 752 2527 Vita
786 2487 820 2527 S
852 2488 1051 2527 Germani
1071 2487 1295 2539 1275(cf
1316 2489 1437 2527 adX
1457 2484 1555 2536 84):
1589 2485 1868 2536 mixtaque
1898 2498 2011 2525 cum
2042 2485 2194 2526 veris

101 2556 266 2610 pariter
295 2569 464 2608 quoque
494 2556 602 2596 falsa
628 2557 842 2606 feruntur,
872 2558 914 2597 ib
949 2558 1031 2599 276
1068 2570 1253 2609 cumque
1288 2558 1411 2598 novis
1441 2568 1646 2597 vacuas
1693 2555 1888 2607 implet
1932 2556 2193 2596 sermoni-

98 2627 198 2669 bus
226 2639 383 2668 auras
422 2626 437 2681 ΙΙ
476 2631 590 2668 totus
627 2629 693 2668 hic
714 2630 761 2668 de
780 2630 917 2669 Fama
955 2630 1071 2670 locus
1091 2631 1143 2669 ab
1178 2630 1351 2669 Heirico
1385 2631 1602 2679 eaecerptus
1631 2631 1704 2679 est,
1734 2628 1784 2678 cf
1817 2629 1980 2668 Traube
2009 2630 2085 2667 PL
2120 2641 2193 2668 aev

62 2719 70 2734 .-
99 2699 186 2740 Car
213 2700 298 2739 III
321 2695 425 2739 446.

240 2852 302 2897 40
330 2852 536 2909 triplicioe
564 2852 657 2896 add
686 2866 732 2896 m
761 2852 804 2905 2)
850 2853 870 2896 l
1026 2853 1082 2897 41
1118 2852 1243 2909 quod
1273 2855 1360 2905 (est
1388 2865 1410 2894 s
1439 2850 1454 2894 l
1485 2864 1530 2893 m
1558 2849 1604 2901 2)
1637 2863 1828 2907 usquam
1866 2861 1895 2893 e
1944 2850 1958 2905 ΙΙ
2010 2849 2192 2906 quantis

98 2937 197 2980 reg.
225 2925 286 2968 ad
319 2922 425 2968 Stat
447 2923 564 2968 Theb
584 2922 620 2966 I
634 2923 722 2968 200
739 2922 891 2968 Barth
1005 2923 1063 2967 42
1092 2928 1425 2979 penetrantque
1455 2922 1476 2964 l
1516 2922 1530 2976 ΙΙ
1573 2925 1671 2971 eam
1701 2935 1758 2965 ex
1786 2934 1887 2964 corr
1906 2935 1953 2963 m
1971 2919 2069 2972 2)as
2098 2922 2153 2963 F
2173 2923 2188 2975 ΙΙ

97 2994 163 3043 ad
192 3007 324 3039 auras
353 2993 552 3039 chresd
580 2996 625 3038 et
653 2993 796 3038 Senat
908 2994 967 3039 43
995 3006 1263 3049 summaque
1294 2993 1443 3037 locum
1475 2992 1543 3048 (ef
1564 2992 1594 3035 1
1622 2992 1697 3044 27)
1728 2993 1782 3036 Ν
1810 3006 1837 3047 ς
1877 2992 1891 3047 ΙΙ
1931 2991 2045 3048 legit
2072 2991 2123 3035 A
2154 3010 2190 3033 ω

102 3065 251 3122 vulqo,
279 3065 390 3110 fecit
418 3080 445 3122 ς
474 3066 555 3110 eti
573 3079 649 3122 my
679 3067 733 3110 N
843 3065 902 3110 45
931 3065 1103 3110 lumina
1132 3066 1208 3109 M
1314 3064 1372 3109 46
1400 3068 1561 3119 patent
1590 3078 1617 3119 ς
1646 3063 1770 3107 Plan
1798 3061 1846 3107 R
1889 3063 1903 3118 ΙΙ
1945 3075 2001 3106 ex
2021 3075 2124 3106 aere
2153 3064 2193 3106 h

26 3172 29 3178 .
98 3148 132 3180 e
161 3151 189 3192 ς
219 3155 256 3178 ω
277 3136 426 3193 vulyo,
458 3149 514 3181 ex
533 3149 642 3180 aure
661 3137 733 3180 Μ
750 3135 774 3181 l
789 3149 825 3191 9
846 3151 886 3192 ς,
916 3149 972 3179 ex
995 3149 1069 3180 ere
1097 3137 1174 3191 92,
1205 3149 1261 3179 ex
1283 3138 1351 3186 (ae
1371 3135 1390 3178 i
1409 3148 1435 3177 r
1454 3149 1501 3177 m
1521 3133 1563 3187 2,
1583 3147 1641 3178 au
1661 3134 1822 3191 fuitne
1850 3134 1907 3185 F,
1938 3137 2092 3183 exelre
2122 3134 2190 3189 N,

32 3223 46 3268 χ
99 3219 160 3252 ex
181 3219 261 3252 ore
280 3206 349 3262 (ef
362 3207 464 3251 Aen
483 3206 559 3251 IV
580 3207 679 3257 183)
709 3221 736 3262 ς
766 3207 840 3251 Hs
859 3207 995 3263 vulyo
1016 3207 1125 3250 olim
1147 3207 1162 3262 ΙΙ
1198 3205 1352 3250 sonaci
1382 3207 1452 3256 (ut
1469 3202 1505 3247 I
1517 3204 1618 3257 333,
1636 3204 1690 3260 cf
1700 3204 1813 3249 Bibl
1833 3203 1948 3248 Diez
1969 3204 2095 3253 1075)
2116 3203 2191 3248 Hs

98 3277 162 3322 49
178 3290 366 3322 munera
385 3277 512 3321 uocis
541 3278 596 3320 F
670 3277 730 3321 50
747 3277 874 3330 und(i
893 3278 914 3321 i
930 3291 957 3321 r
976 3292 1021 3321 m
1041 3277 1112 3331 2)s
1141 3277 1202 3321 N
1289 3277 1345 3320 51
1366 3275 1481 3319 altas
1508 3290 1551 3329 μ
1570 3290 1598 3331 ς
1701 3275 1760 3320 53
1786 3280 1852 3327 t(o
1873 3289 1929 3318 ex
1949 3288 1979 3318 u
1998 3288 2044 3318 m
2063 3274 2191 3327 2)rua

24 3359 33 3394 ζ
99 3348 176 3392 Μ
210 3348 225 3403 ΙΙ
264 3354 422 3393 tenent
450 3363 478 3404 ς
505 3347 578 3392 Hs
607 3347 739 3404 vulgo
769 3348 878 3392 olim
990 3348 1048 3392 54
1076 3348 1197 3392 ueris
1227 3347 1398 3403 pariter
1415 3344 1720 3390 eStrozzanus
1759 3346 1774 3401 ΙΙ
1815 3350 2042 3390 commota-
2073 3350 2190 3398 (corr

0 3468 3 3469 ⁷
99 3419 199 3471 F2)
243 3419 299 3462 F
319 3420 339 3462 l
492 3419 551 3463 56
579 3432 711 3462 auras
739 3419 904 3474 scripsi
941 3418 1009 3474 (ef
1030 3419 1100 3472 47,
1128 3419 1187 3463 57
1215 3417 1307 3461 alio
1337 3419 1383 3460 et
1409 3430 1523 3471 quae
1553 3416 1682 3460 dixit
1708 3415 1757 3460 in
1789 3414 1902 3459 Bibl
1930 3414 2048 3458 Diez
2078 3415 2194 3461 1075

105 3487 197 3544 Hs)
225 3502 330 3533 cum
359 3489 432 3534 M
452 3504 495 3544 μ
524 3504 552 3545 ς
580 3489 781 3542 Heirico,
810 3502 940 3534 aures
970 3490 1030 3533 N
1042 3490 1103 3533 X
1129 3508 1164 3530 ω
1194 3488 1330 3544 vulyo
1444 3487 1500 3531 57
1532 3487 1642 3542 ali(o
1661 3486 1681 3530 i
1700 3501 1726 3530 r
1745 3501 1792 3530 m
1812 3486 1855 3538 2)
1888 3485 1958 3539 N,
1987 3485 2103 3538 ali(is
2133 3500 2189 3529 ea:

101 3571 135 3604 ο
162 3573 210 3603 m
237 3559 283 3612 2)
312 3561 371 3611 F,
401 3559 503 3604 aliis
533 3574 560 3614 ς
587 3559 724 3612 Plan,
754 3559 862 3604 alibi
891 3561 942 3604 in
970 3560 1080 3604 Bibl
1107 3559 1225 3603 Diez
1256 3558 1372 3603 1075
1396 3556 1470 3601 Hs
1510 3558 1525 3612 ΙΙ
1567 3557 1658 3601 alio
1686 3556 1839 3601 ferunt
1867 3568 1896 3599 e
2022 3555 2080 3600 58
2108 3555 2189 3610 ad-

102 3628 216 3674 dicit
242 3641 282 3684 e,
315 3630 469 3683 adficit
498 3636 657 3675 auetor
683 3631 703 3674 i
730 3644 756 3674 r
785 3645 832 3674 m
860 3630 905 3684 2)
934 3633 973 3674 h
1085 3630 1144 3675 60
1172 3628 1320 3673 leticia
1350 3629 1371 3671 l
1420 3629 1434 3683 ΙΙ
1484 3628 1826 3684 consumatique
1853 3627 1926 3671 M

188 3705 293 3742 Ovm
315 3706 477 3742 Murum
1790 3699 1844 3741 29
