2580 4088
767 190 852 236 Ov.
881 191 1060 236 Metam.
1090 189 1188 235 Lib.
1217 190 1252 244 Ι,
1282 204 1328 235 v.
1362 193 1544 235 11—36.
2167 203 2195 248 7

260 334 413 387 Hanc
450 333 577 386 deus
614 334 668 386 et
703 333 885 386 melior
919 333 1067 387 litem
1102 334 1290 385 natura
1326 333 1545 386 diremit.

120 435 245 473 nam
283 419 425 472 caelo
463 420 625 471 terras
663 419 716 470 et
751 418 902 471 terris
940 418 1162 471 abscidit
1197 417 1364 471 undas

121 506 175 558 et
209 503 467 572 liquidum
504 503 670 567 spisso
706 502 923 555 secrevit
959 503 1024 555 ab
1062 508 1184 556 aere
1221 502 1440 556 caelum.

122 603 255 657 quae
289 589 566 656 postquam
603 586 790 639 evolvit
827 601 1085 654 caecoque
1123 587 1314 640 exemit
1348 603 1541 655 acerm,

121 672 401 726 dissociata
435 671 562 724 locis
598 671 837 724 concordi
873 686 999 739 pace
1036 673 1234 739 ligavit.
2152 685 2199 727 25

119 757 274 824 ignea
309 755 519 809 convexi
554 755 631 808 vis
668 757 721 807 et
757 756 868 808 sine
905 756 1128 820 pondere
1168 756 1301 809 caeli

120 840 336 895 emicuit
371 854 678 907 summaque
714 840 888 893 locum
925 840 1024 893 sibi
1060 841 1184 893 fecit
1215 842 1269 893 in
1307 855 1447 903 arce;

118 924 380 995 proximus
418 926 498 977 est
534 931 621 977 aer
655 925 733 977 illi
768 925 978 978 levitate
1016 926 1260 993 locoque;

120 1009 326 1062 densior
363 1008 444 1062 his
481 1008 638 1061 tellus
675 1009 1030 1076 elementaque
1068 1010 1287 1077 grandia
1320 1011 1475 1063 traxit

118 1097 172 1148 et
206 1108 384 1162 pressa
421 1095 502 1146 est
536 1094 789 1160 gravitate
827 1109 943 1155 sua;
982 1094 1314 1147 circumfluus
1349 1111 1500 1148 umor
2151 1108 2200 1148 30

117 1178 304 1232 ultima
339 1178 570 1246 possedit
605 1179 932 1246 solidumque
970 1180 1198 1232 coercuit
1233 1180 1425 1233 orbem.

261 1262 349 1316 Sic
385 1263 476 1316 ubi
513 1262 815 1332 dispositam
855 1265 1089 1332 quisquis
1126 1263 1228 1317 fuit
1262 1265 1350 1317 ille
1388 1265 1600 1318 deorum

1 1350 100 1414 „A
118 1347 410 1415 congeriem
446 1349 615 1401 secuit
652 1350 950 1416 sectamque
984 1351 1039 1401 in
1075 1350 1309 1402 membra
1342 1350 1523 1417 coegit,

118 1432 370 1501 principio
404 1434 612 1497 terram,
647 1449 713 1486 ne
750 1449 854 1486 non
891 1434 1121 1501 aequalis
1159 1434 1224 1486 ab
1262 1434 1403 1486 omni

115 1519 263 1585 parte
300 1515 448 1585 foret,
486 1518 666 1585 magni
702 1518 926 1584 speciem
963 1518 1269 1584 glomeravit
1302 1518 1359 1570 in
1395 1518 1547 1571 orbis,
2151 1531 2200 1571 35

116 1604 233 1654 tum
269 1601 403 1654 freta
440 1601 645 1654 diffudit
679 1602 974 1670 rapidisque
1010 1605 1296 1655 tumescere
1321 1602 1490 1655 ventis

257 1747 310 1787 21
333 1759 380 1796 sq
413 1746 598 1785 Lactant
629 1744 700 1784 div
728 1745 877 1783 InstI
893 1742 932 1788 5,
953 1741 1012 1783 13
1030 1745 1219 1783 Brandt:
1252 1742 1436 1783 Ovidius
1467 1755 1640 1794 quoque
1669 1744 1715 1783 in
1745 1743 1960 1796 principio
1989 1746 2201 1796 praeclari

116 1816 259 1869 operis
297 1815 388 1856 sine
425 1814 518 1854 ulla
549 1813 733 1853 nominis
762 1813 1102 1853 dissimulatione
1132 1826 1158 1853 a
1186 1813 1265 1853 deo
1293 1826 1421 1864 quem
1444 1807 1849 1854 ‘fabricatorem
1880 1816 2074 1856 mundi'
2096 1819 2198 1868 [57]‚

115 1899 244 1939 quem
282 1879 478 1926 ‘rerum
521 1885 726 1936 opifice
737 1876 794 1924 m'
826 1885 911 1934 [79]
950 1887 1088 1938 vocat,
1134 1884 1343 1924 mundum
1387 1886 1550 1925 fatetur
1592 1884 1862 1926 instructum.
1907 1909 1964 1915 —
1999 1888 2109 1928 idem
2151 1889 2200 1928 in

114 1959 278 2010 epitom,
335 1957 422 1997 Div
450 1958 550 1996 Inst
570 1954 613 2001 3,
636 1955 685 1996 5:
715 1967 769 1994 ne
799 1954 1032 1995 Ovidius
1063 1954 1238 2005 quidem
1266 1954 1482 2006 ignoravit
1512 1967 1537 1995 a
1562 1955 1642 1995 deo
1671 1956 1928 1996 instructum
1959 1969 2048 1997 esse
2077 1971 2199 1998 mun·

112 2029 241 2069 dum:
287 2039 415 2079 quem
458 2026 676 2067 interdum
714 2018 907 2078 ‘opific
922 2037 996 2065 em
1042 2018 1245 2079 rerum'‚
1296 2026 1512 2066 interdum
1558 2021 1754 2066 ‘mundi
1800 2020 2196 2069 fabricatorem'

110 2103 247 2141 vocat.

255 2171 310 2212 22
343 2170 502 2210 citatur
540 2167 738 2220 [abscidit
773 2168 818 2207 in
855 2165 1008 2222 undas]
1051 2169 1098 2208 in
1137 2182 1156 2208 c
1184 2170 1264 2209 Vat
1290 2168 1390 2208 Bibl
1424 2181 1494 2220 req
1526 2169 1766 2209 Ohmlstinae
1784 2168 1879 2210 215
1905 2170 2012 2219 (saec
2030 2169 2127 2220 IX),
2158 2171 2208 2222 cf

112 2245 169 2284 ad
186 2244 219 2283 I
231 2240 336 2283 219.

253 2313 308 2354 36
324 2325 373 2363 sq
401 2313 510 2352 Lact
551 2311 622 2351 div
652 2311 752 2350 Inst
768 2310 826 2349 II
850 2307 890 2354 5,
919 2307 945 2349 1
961 2321 1028 2360 sq:
1072 2309 1148 2348 ubi
1194 2309 1337 2362 sedes,
1381 2310 1457 2349 ubi
1498 2309 1707 2350 habitatio
1749 2314 1835 2361 est,
1880 2311 1956 2362 qui
1998 2314 2198 2352 terram

113 2382 316 2424 stabili
346 2380 609 2422 firmitate
639 2379 953 2432 suspendit,
985 2379 1061 2430 qui
1091 2381 1256 2420 caelum
1286 2380 1487 2420 distinxit
1515 2381 1643 2420 astris
1662 2380 1937 2433 fulgentibus,
1970 2382 2047 2432 qui
2066 2381 2199 2422 solem

116 2454 246 2494 rebus
273 2452 472 2493 humanis
501 2450 783 2492 clarissimum
812 2461 862 2490 ac
883 2449 1098 2502 singulare
1119 2450 1266 2490 lumen
1286 2451 1331 2490 in
1352 2455 1650 2502 argumentum
1672 2463 1774 2492 suae
1794 2451 1945 2493 unicae
1964 2453 2198 2494 maiestatis

114 2523 323 2574 accendit,
365 2521 536 2563 terris
580 2527 723 2562 autem
762 2520 932 2561 maria
968 2520 1348 2572 circumfudit,
1391 2522 1576 2562 flumina
1611 2522 1870 2574 sempiterno
1905 2523 2032 2574 lapsu
2060 2524 2199 2563 fluere

114 2594 347 2647 praecepit,
384 2586 568 2633 ‘iussit
610 2595 661 2632 et
704 2591 933 2631 extendi
950 2592 1297 2643 —lapidosos
1342 2605 1565 2644 surgere
1603 2605 1679 2633 mo
1694 2587 1849 2647 ntes’‚
1894 2606 2004 2645 quae
2047 2594 2199 2645 utique

118 2665 260 2706 omnia
303 2677 389 2704 non
417 2663 616 2716 Iuppiter
658 2663 771 2714 fecit,
817 2663 894 2714 qui
931 2666 1029 2702 ante
1066 2675 1198 2702 annos
1236 2663 1355 2703 mille
1386 2663 1675 2715 septingentos
1703 2667 1831 2704 natus
1859 2668 1936 2714 est,
1980 2664 2054 2704 sed
2082 2658 2199 2704 ‘ille

113 2734 299 2788 opifex
327 2747 523 2786 rerum,
553 2734 738 2774 mundi
767 2733 1012 2774 melioris
1041 2728 1213 2785 origo'.

256 2858 309 2903 21
344 2859 474 2904 Hanc
502 2859 626 2903 litem
657 2859 699 2903 d.
731 2864 778 2904 et
806 2873 865 2904 m.
894 2864 1056 2904 natura
1085 2858 1189 2902 Ben
1218 2864 1298 2902 aut
1325 2857 1487 2903 melior
1514 2859 1575 2902 ad
1605 2858 1731 2903 Luer
1749 2859 1816 2902 II
1840 2859 1927 2903 119
1953 2858 2199 2916 Wakefield

113 2929 240 2975 litem
270 2933 304 2982 (1
331 2929 520 2974 limitem
548 2933 658 2983 secr)
687 2945 723 2974 α
893 2929 952 2974 22
979 2930 1077 2974 celo
1108 2937 1154 2973 et
1172 2934 1314 2973 terras
1345 2930 1365 2972 l
1394 2928 1582 2974 abstulit
1611 2942 1638 2973 ε
1807 2928 1866 2975 23
1894 2929 2062 2974 aethere
2091 2929 2199 2984 (aeth

112 3000 185 3054 ir,
235 3013 324 3044 aere
351 3014 446 3045 eser
475 3001 566 3054 m2)
597 3000 696 3046 celii
724 3001 797 3045 M
821 3003 864 3053 (a
883 3001 903 3045 i
920 3003 1038 3054 rJere
1068 3001 1128 3044 N
1152 2999 1304 3044 ethere
1334 3013 1361 3044 ε
1380 3014 1408 3055 ς
1539 2999 1597 3044 24
1627 2999 1808 3044 diremit
1837 3012 1866 3044 e
2006 3001 2066 3046 25
2093 3015 2198 3047 con-

113 3070 272 3116 cordia
298 3084 410 3127 pace
436 3071 607 3116 locauit
634 3075 668 3124 (ἱ
695 3071 857 3128 ligauit
883 3085 991 3125 sscr,
1021 3071 1191 3115 locauit
1218 3070 1395 3126 viryula
1423 3071 1512 3123 del)
1543 3085 1579 3114 α
1607 3070 1780 3127 legauit
1809 3085 1836 3115 ε
2007 3071 2063 3118 27
2092 3071 2201 3118 fecit

114 3155 151 3184 α
172 3155 199 3185 ε
217 3142 290 3185 Μ
305 3156 332 3197 ς
360 3141 486 3198 leget
515 3143 536 3186 l
563 3141 677 3199 legit
712 3145 784 3195 (εει-
814 3142 862 3187 Χ
889 3142 961 3195 43)
989 3144 1078 3186 cett
1099 3160 1135 3182 ω
1307 3140 1366 3186 29
1394 3140 1593 3186 Densior
1627 3140 1700 3186 hic
1730 3156 1766 3185 α
1793 3142 2123 3200 [elementaque
2152 3143 2198 3197 (h

115 3211 238 3266 eras)
256 3212 329 3256 M
353 3212 538 3257 densior
565 3212 636 3257 his
665 3218 752 3265 (est
770 3217 844 3267 sc),
876 3212 931 3257 el.
960 3213 1144 3256 distinae
1164 3212 1331 3265 Burm,
1369 3213 1447 3256 sed
1477 3218 1671 3269 que-et
1698 3213 1823 3257 inter
1849 3227 1896 3257 se
1925 3214 2201 3269 respondent

114 3282 169 3339 cf
188 3282 404 3339 Rappold
437 3296 476 3338 p
507 3283 621 3340 I9sq
806 3283 866 3329 30
894 3296 976 3328 sua
1005 3297 1040 3326 α
1058 3296 1086 3327 ε
1110 3282 1155 3324 O
1175 3297 1203 3338 ς
1232 3283 1301 3326 sui
1344 3283 1413 3335 (de
1442 3283 1464 3327 l
1493 3297 1585 3327 non
1617 3283 1769 3339 liquet)
1800 3285 1838 3327 h
1858 3296 1887 3327 e
1901 3284 1937 3336 f
1950 3299 1977 3339 ς
1999 3303 2035 3325 ω
2064 3285 2199 3341 vulqo

115 3352 226 3397 olim
254 3353 553 3409 circumpluus
584 3357 653 3406 (ut
680 3353 874 3407 videtur)
904 3368 939 3398 α
969 3352 1133 3397 humor
1160 3367 1195 3396 α
1216 3366 1243 3397 ε
1429 3353 1483 3399 31
1519 3354 1688 3398 extima
1730 3355 1978 3410 (probante
2008 3355 2108 3411 Opp
2137 3355 2203 3399 II

115 3421 204 3468 200
231 3423 459 3480 Hauptio)
489 3424 550 3467 ad
579 3424 742 3470 Lucan
770 3422 854 3468 IX
879 3424 968 3469 456
991 3423 1188 3480 Bentley
1231 3423 1427 3488 solidum
1471 3423 1700 3469 cohercuit
1734 3437 1763 3468 e
1932 3424 1991 3470 34
2018 3425 2077 3470 33
2105 3426 2198 3476 (sed

47 3531 49 3533 ·
116 3507 249 3563 siquo
271 3511 311 3561 Ἴ
333 3506 492 3553 addito
510 3522 641 3553 verus
670 3510 779 3554 ordo
799 3510 1040 3554 restitutus
1061 3511 1140 3561 est)
1172 3522 1207 3551 α
1235 3490 1442 3563 possidet
1470 3521 1498 3552 ε
1673 3508 1733 3554 33
1761 3510 1912 3564 coegit
1940 3523 1976 3552 α
2005 3507 2198 3553 Ehwald

115 3576 295 3634 redegit
322 3578 374 3621 A
404 3596 441 3620 ω
470 3579 604 3635 vulqo
734 3579 871 3630 34s35
898 3592 1031 3635 aequ.
1060 3578 1117 3622 ab
1149 3577 1273 3622 omni
1302 3578 1373 3622 Ab
1404 3580 1527 3623 omni
1557 3584 1685 3636 parte
1715 3579 1807 3632 (sic)
1838 3593 1874 3622 α
1986 3579 2046 3625 36
2071 3579 2199 3625 Tunc

115 3647 189 3691 Μ
197 3648 235 3701 f
255 3647 476 3693 diffundit
504 3663 540 3693 α
569 3649 770 3694 diffundi
799 3664 827 3705 ς
855 3649 1008 3693 Burm
1038 3648 1314 3705 tumidisque
1344 3661 1372 3693 e
1401 3649 1663 3706 rabidisque
1693 3664 1721 3705 ς
1747 3649 1898 3693 Burm
