2580 4088
706 192 789 236 Ov.
820 191 1001 236 Metam.
1029 189 1128 236 Lib.
1157 189 1238 246 IX,
1268 203 1314 235 v.
1335 192 1573 234 768—797.
2083 191 2183 240 369

74 336 390 404 ¹auxilioque
426 327 596 388 iuva!'
655 333 901 387 lacrimae
939 335 1063 387 sunt
1098 333 1257 387 verba
1293 334 1520 386 secutae.

101 421 212 476 visa
248 419 344 473 dea
380 419 460 472 est
494 417 717 471 movisse
756 434 878 471 suas
915 420 989 483 (et
1025 419 1276 480 moverat)
1318 432 1448 482 arae,

56 504 67 555 ἶ,
103 508 157 560 et
189 504 372 573 templi
407 505 664 556 tremuere
702 502 853 567 fores,
889 503 1197 571 imitataque
1232 503 1414 556 lunam

105 603 300 644 cornua
333 587 605 655 fulserunt,
644 588 946 655 crepuitque
985 588 1215 641 sonabile
1253 587 1484 641 sistrum.

63 727 67 729 Α
245 672 364 726 Non
401 686 585 725 secura
623 671 848 739 quidem,
885 672 1057 726 fausto
1095 674 1273 726 tamen
1310 672 1482 725 omine
1520 671 1659 724 laeta
2120 679 2191 721 785

107 757 276 812 mater
311 756 422 809 abit
457 755 677 825 templo:
717 757 952 824 sequitur
988 772 1161 810 comes
1198 756 1343 826 Iphis
1381 757 1608 820 euntem,

114 857 272 911 quam
307 841 459 895 solita
496 843 589 906 est,
625 841 818 894 maiore
855 841 1045 908 gradu,
1083 858 1179 895 nec
1217 841 1409 895 candor
1440 841 1496 893 in
1532 855 1617 894 ore

11 934 15 937 '
108 928 390 997 permanet,
428 927 482 979 et
517 926 662 986 vires
689 927 963 994 augentur,
1002 929 1055 979 et
1092 926 1254 980 acrior
1288 927 1399 995 ipse
1436 927 1519 979 est

31 1068 36 1069 ff
108 1011 298 1076 vultm,
335 1013 389 1064 et
424 1011 703 1079 incomptis
739 1011 942 1064 brevior
977 1026 1224 1064 mensura
1260 1011 1474 1080 capilli8‚
1944 1070 1947 1072 ,

108 1096 328 1165 plusque
364 1095 555 1162 vigoris
594 1096 756 1160 adest,
793 1096 977 1149 habuit
1014 1111 1172 1163 quam
1209 1095 1420 1149 femina.
1495 1109 1620 1147 nam
1658 1108 1790 1161 quae
2124 1102 2195 1143 790

110 1179 305 1234 femina
338 1195 504 1248 nuper
541 1195 669 1244 eras
707 1195 835 1249 puer
871 1196 941 1234 es,
1015 1180 1133 1234 date
1170 1196 1389 1234 munera
1423 1179 1633 1248 templis

15 1275 36 1279 ⁷*
109 1279 207 1318 nec
243 1264 427 1318 timida
465 1265 687 1333 gaudete
723 1265 853 1318 fide!
926 1265 1053 1318 dant
1087 1280 1306 1318 munera
1341 1265 1568 1333 templi8‚

113 1349 312 1403 addunt
349 1351 403 1403 et
437 1350 679 1412 titulum;
716 1350 902 1403 titulus
939 1351 1092 1403 breve
1131 1365 1340 1403 carmen
1377 1350 1626 1403 habebat:

12 1484 38 1514 ss‘
113 1447 270 1488 DONA
291 1463 304 1474 ·
324 1449 474 1489 PVER
496 1464 508 1472 ·
533 1447 731 1489 SOLV'IT
758 1464 769 1473 ·
792 1449 942 1498 QVAE
967 1465 976 1472 ·
1002 1450 1220 1487 FEMINA
1250 1464 1261 1472 ·
1282 1448 1548 1489 VOVERAT
1572 1462 1582 1471 ⁹
1601 1447 1758 1486 IPHIS

254 1519 470 1573 Postera
505 1520 595 1572 lux
630 1521 788 1573 radiis
824 1521 992 1573 latum
1030 1520 1348 1588 patefecerat
1383 1520 1575 1583 orbem,
2127 1523 2199 1565 795

14 1639 22 1674 3
113 1619 234 1657 cum
270 1604 449 1659 Venus
487 1606 540 1658 et
578 1603 710 1658 Iuno
746 1605 1020 1672 sociusque
1056 1604 1394 1673 Hymenaeus
1432 1603 1497 1656 ad
1533 1603 1669 1671 ignis

16 1764 24 1767 ἡ
116 1688 443 1755 conveniunt,
477 1691 774 1758 potiturque
813 1705 908 1743 sua
941 1705 1071 1758 puer
1105 1688 1251 1757 Iphis
1287 1687 1489 1741 Ianthe.

258 1861 339 1901 795
359 1861 472 1901 Ilias
491 1862 578 1901 Lat
591 1858 708 1902 650:
738 1861 788 1899 ut
806 1857 994 1899 nitidum
1014 1856 1140 1897 Titan
1162 1857 1329 1898 radiis
1357 1859 1690 1910 patefecerat
1720 1858 1899 1898 orbem
1920 1856 1935 1910 ΙΙ
1960 1857 2204 1909 Cyprianus

120 1932 273 1973 Gallus
301 1933 605 1983 Heptateuchos
627 1932 729 1972 Iesu
764 1931 887 1971 Naue
919 1927 1011 1970 149
1046 1930 1214 1981 Peiper:
1253 1930 1435 1981 septima
1461 1929 1633 1981 iamque
1670 1930 1784 1970 dies
1814 1930 2015 1970 laetum
2055 1932 2202 1980 pate·

14 2015 32 2029 2
116 2002 322 2042 fecerat
349 2001 536 2043 orbem.

113 2158 298 2211 tumque
318 2156 498 2207 (munus
517 2169 612 2199 eser
641 2154 722 2207 11³)
754 2159 786 2198 t.
809 2158 878 2198 est
907 2154 973 2197 h²
1002 2168 1029 2209 ς
1057 2152 1139 2198 VA
1168 2152 1301 2210 vulyo
1323 2153 1445 2206 olim,
1478 2152 1528 2197 C.
1558 2153 1858 2210 meritumque
1877 2159 1909 2197 t.
1933 2159 2002 2198 est
2021 2152 2207 2197 ecBerol

19 2230 30 2273 ᾗ
116 2225 162 2268 et
179 2223 424 2282 Lanyer‘m,
458 2224 509 2270 C.
530 2225 822 2281 monitusque
852 2223 920 2268 tui
952 2228 1021 2268 est
1052 2238 1092 2279 ς,
1125 2222 1315 2268 Consilii
1344 2223 1637 2280 monitusque
1666 2224 1733 2268 tui
1764 2231 1834 2268 est
1862 2224 1936 2268 Hs
1972 2225 1986 2279 11
2027 2229 2206 2268 tuarum

23 2351 31 2355 ,
113 2305 155 2351 p
182 2308 210 2352 ς
323 2295 403 2341 781
436 2295 538 2340 leua
568 2310 596 2352 ς
645 2296 659 2351 11
709 2295 920 2340 lacrimae
951 2308 1034 2339 sua
1065 2294 1166 2346 (coll
1193 2308 1247 2350 ep
1279 2293 1483 2338 Helenae
1510 2294 1612 2347 252)
1641 2294 1715 2338 Hs
1833 2294 1916 2339 782
1943 2295 2206 2345 mouisselll

24 2377 33 2434 Δ,
118 2367 161 2419 (e
186 2365 208 2410 i
233 2378 260 2409 r
287 2379 334 2410 m
363 2366 406 2419 2,
436 2371 541 2411 etne
570 2366 751 2410 videtur
779 2369 979 2418 erasum)
1006 2365 1079 2409 M
1207 2365 1291 2410 783
1319 2365 1427 2409 luna
1454 2378 1487 2408 τ
1630 2365 1714 2410 784
1743 2365 1938 2410 solubile
1967 2380 2001 2409 κ
2051 2366 2065 2421 Η
2116 2378 2208 2410 cre-

21 2446 32 2477 -ς
79 2442 90 2467 i
116 2437 215 2492 puit
241 2436 499 2482 resonabile
528 2437 596 2489 N,
642 2437 907 2493 crepuitque
951 2435 1144 2480 sonatile
1182 2435 1257 2479 Hs
1430 2436 1514 2480 785
1543 2435 1720 2480 homine
1750 2437 1830 2489 M,
1877 2449 1980 2481 ome
2009 2439 2140 2489 (corr)
2170 2438 2207 2480 h

20 2504 34 2559 ’.ᾗ
119 2505 203 2551 786
243 2507 449 2563 sequitur
489 2520 602 2563 puer
643 2506 763 2563 iphis
808 2521 836 2563 ς
879 2506 926 2551 Β,
1090 2506 1174 2551 789
1214 2505 1396 2550 incultis
1433 2521 1461 2562 ς
1603 2507 1688 2552 790
1729 2507 1821 2563 uig.
1865 2506 2005 2552 habet
2049 2506 2211 2552 habuit

24 2614 28 2671 ᾗ
120 2632 150 2674 ς
195 2619 213 2675 fl
265 2587 396 2665 habit
422 2620 503 2672 M,
547 2619 798 2676 habuitque
841 2633 872 2663 τ
922 2620 936 2674 11
987 2632 1144 2675 namq:
1188 2633 1220 2662 τ
1246 2619 1319 2663 Μ
1358 2621 1396 2663 h
1440 2633 1479 2675 ς,
1523 2619 1614 2662 iam
1660 2632 1776 2675 quae
1815 2619 2061 2676 Havulqo
2100 2619 2210 2664 olim

31 2714 35 2730 .-
97 2688 200 2734 ..791
234 2694 347 2743 era(t
365 2691 385 2735 i
404 2704 431 2735 r
450 2704 496 2734 m
516 2690 560 2744 2)
588 2692 643 2735 N
757 2690 842 2736 792
869 2691 984 2746 imq
1012 2690 1079 2734 h2
1119 2690 1133 2745 ΙΙ
1183 2702 1266 2734 nec
1296 2689 1437 2734 dubia
1464 2689 1706 2734 cMenardi
1733 2689 1882 2735 Bothe
1997 2690 2081 2736 793
2109 2690 2210 2734 Ad-

20 2768 35 2779 ”
122 2758 237 2804 dunt
264 2766 312 2805 et
338 2760 515 2806 tilulum
536 2762 599 2805 ir
627 2763 682 2805 N
796 2762 880 2806 794
908 2761 1031 2805 Uota
1053 2762 1092 2816 (1
1111 2760 1234 2804 dona
1262 2773 1358 2804 seer
1386 2761 1460 2812 6²)
1492 2772 1521 2804 e
1551 2774 1578 2815 ς
1618 2761 1632 2816 ΙΙ
1672 2765 1867 2805 nouerat
1886 2775 1943 2805 ex
1963 2761 2097 2805 nouit
2125 2763 2163 2805 h
2194 2761 2210 2815 ll

121 2829 258 2890 yphis
286 2833 342 2876 F
452 2832 536 2877 '295
564 2831 732 2876 laetum
765 2832 1042 2888 eyprzanus,
1074 2836 1216 2875 totum
1248 2830 1332 2877 VA
1449 2831 1534 2876 wc
1561 2830 1804 2887 sociusque
1824 2831 1893 2887 (ef
1904 2830 1986 2876 IV
2000 2831 2087 2876 759
2105 2829 2219 2874 XII

23 2924 28 2929 τ
121 2900 208 2947 215
247 2916 303 2946 eoe
347 2902 394 2947 P
418 2903 648 2959 12133)
693 2903 744 2947 A
776 2921 812 2945 ω
858 2902 1001 2958 Jahn,
1055 2903 1297 2957 sociosque
1342 2914 1378 2957 9
1408 2916 1435 2957 ς
1464 2902 1538 2945 Hs
1576 2902 1710 2958 vulgo
1760 2903 1774 2958 ΙΙ
1825 2902 2059 2948 himeneus
2088 2903 2161 2946 M
2198 2902 2212 2959 ΙΙ

120 2983 240 3042 ignis
268 2986 335 3043 N,
364 2987 494 3043 ignes
522 2999 565 3032 n
583 2991 672 3032 cett
690 2987 823 3044 vulyo
939 2988 1020 3032 797
1050 2987 1172 3043 iphis
1191 3000 1304 3044 puer
1332 2988 1371 3031 h
1401 2985 1416 3042 ss
1453 2985 1589 3044 yphis
1607 2985 1779 3044 yanthe
1805 2987 1866 3030 N
2030 2978 2130 3031 Lu}
2170 2987 2213 3031 X

37 3081 42 3083 -
85 3100 97 3118 4
122 3055 202 3110 M,
247 3056 446 3114 Explicit
472 3071 621 3103 nonus
659 3059 818 3115 incipit
855 3058 935 3103 bib
962 3058 1121 3103 decim.
1166 3059 1229 3112 N,
1278 3057 1305 3100 l’
1346 3058 1388 3100 X
1431 3058 1482 3102 in
1521 3058 1672 3112 spatio
1711 3059 1743 3103 6
1780 3058 2008 3102 linearum
2050 3058 2214 3102 litteris

88 3168 97 3187 ‚·
123 3126 448 3172 minutissimis
490 3129 586 3185 17⁸²,
626 3129 855 3174 INCIPIT
886 3128 1071 3173 LIBER
1101 3128 1367 3173 DECIMVS
1399 3140 1439 3184 e,
1480 3127 1766 3173 EXPLICIT
1804 3128 1994 3172 LIBER
2022 3128 2159 3173 VIIII
2191 3150 2202 3162 ·

87 3214 99 3228 ‘
124 3209 356 3258 INCIPIT
399 3214 444 3258 X
488 3214 537 3268 h,
584 3212 781 3258 OVIDII
824 3205 924 3257 LIT3
969 3213 1105 3259 VIIII
1144 3212 1431 3257 EXPLICIT
1459 3203 1627 3257 INCIP‘
1654 3213 1698 3257 X
1728 3227 1774 3266 κ,
1818 3212 2106 3257 EXPLICIT
2135 3213 2214 3256 LI-

86 3310 92 3314 ·
126 3277 250 3326 BER
277 3282 410 3328 VIllI
438 3283 663 3329 INCIPIT
694 3283 731 3327 L
760 3284 802 3327 X
830 3298 874 3341 τ,
905 3283 1065 3328 nullus
1095 3283 1259 3328 titulus
1288 3284 1338 3327 in
1369 3285 1406 3327 h

223 3735 326 3774 Ovn)
345 3739 506 3775 Mamm.
878 3717 882 3720 .
1822 3736 1876 3777 24
