2528 4088
349 225 518 264 XXVIII

348 370 447 416 aut
496 369 609 430 ipse
652 369 968 433 contulisset
1015 371 1114 418 aut
1160 369 1514 432 conferendos
1562 372 1814 431 curasset,
1864 370 2108 435 efficeret,
2155 362 2222 420 ‘ut
2257 372 2435 421 omnis

354 452 512 502 Ovidi
547 454 700 502 crisis
730 455 800 503 ab
828 455 999 517 ipsius
1022 454 1349 517 supellectile
1367 454 1617 515 pendeat.
1680 456 1843 505 modo
1870 457 2131 504 inmensis
2155 452 2324 519 c'opiis
2346 471 2433 507 ra-

352 539 498 587 tione
534 540 587 586 et
624 540 707 587 via
747 540 828 587 uti
865 538 1151 587 voluisset!
1219 552 1346 586 nam
1386 552 1507 587 cum
1558 553 1754 601 parum
1794 542 2019 602 curaret,
2066 542 2314 590 essentne
2346 543 2438 591 sui

350 623 560 672 codices
599 626 798 673 veteres
835 638 906 673 an
944 625 1197 683 recentes,
1235 624 1433 671 sinceri
1465 638 1537 672 an
1577 626 1883 688 interpolati
1917 624 2039 687 (nec
2071 639 2195 675 raro
2219 626 2433 676 eosdem

353 709 601 757 meliores
652 709 735 758 vel
772 710 1088 758 vetustiores
1124 707 1425 770 appellasse
1463 709 1687 771 videtur,
1728 712 1827 772 qui
1860 711 1994 760 alibi
2030 711 2318 761 deteriores
2354 712 2439 761 vel

350 795 670 842 recentiores
715 792 985 854 audiunt),
1043 807 1275 854 cumque
1331 794 1387 842 in
1441 796 1587 844 textu
1644 796 2020 846 constituendo
2058 796 2240 857 libros,
2297 809 2438 858 quos

350 880 680 940 sequeretur,
718 880 1027 928 numeraret
1055 879 1244 940 potius
1283 892 1448 939 quam
1493 882 1824 930 examinaret
1858 883 1911 930 et
1945 874 2256 942 recenseret,
2310 882 2436 931 reti-

352 965 492 1012 ceret
543 965 872 1026 saepissime,
913 977 1023 1024 quo
1060 963 1197 1025 quid
1238 963 1375 1012 libro
1411 965 1670 1027 scriptum
1718 966 1951 1026 vidisset,
1993 980 2227 1028 cumque
2263 966 2441 1030 fretus

349 1050 643 1111 sagacitate
677 1063 777 1097 sua
816 1051 869 1097 et
902 1048 1171 1110 sinqulari
1194 1050 1480 1110 poetarum
1506 1049 1877 1100 Romanorum
1914 1065 2212 1113 eorumque
2235 1064 2438 1101 sermo-

349 1133 438 1180 nis
473 1134 665 1182 notitia
702 1147 861 1195 saepe
898 1134 1233 1182 coniecturas
1251 1134 1456 1197 faceret
1473 1148 1576 1197 per
1596 1150 1655 1185 se
1679 1150 1791 1185 non
1816 1137 2146 1186 necessarias
2168 1136 2268 1186 aut
2287 1135 2439 1186 nulla

355 1218 613 1266 librorum
641 1219 959 1267 auctoritate
993 1220 1091 1267 aut
1126 1219 1449 1268 deteriorum
1476 1222 1530 1268 et
1551 1222 1908 1270 recentiorum
1935 1221 2100 1270 dubia
2120 1221 2232 1286 fide
2251 1220 2438 1285 fultas,

349 1302 561 1351 Nasoni
584 1304 848 1364 quantum
870 1303 1095 1367 profuit,
1135 1305 1344 1352 tantum
1366 1318 1542 1367 paene
1577 1305 1755 1369 obfuit
1787 1320 1851 1355 ac
1869 1307 2104 1368 posteris
2127 1306 2439 1367 editoribus,

352 1388 451 1448 qui
467 1388 584 1436 eius
601 1388 884 1437 arbitrium
907 1388 1295 1450 libidinemque
1323 1391 1483 1451 sequi
1497 1390 1719 1451 nollent,
1739 1405 1936 1440 novam
1959 1390 2271 1453 inquirendi
2285 1392 2341 1440 et
2357 1392 2440 1441 iu-

355 1473 577 1521 dicandi
598 1474 969 1522 necessitatem
999 1475 1255 1537 inposuit,
1280 1489 1452 1524 novas
1467 1476 1814 1540 difficultates
1838 1476 2183 1539 explicandas
2205 1476 2439 1538 reliquit.

493 1558 709 1607 Heinsii
745 1559 985 1622 vestiqiis
1024 1560 1257 1623 inqressi
1289 1562 1422 1609 sunt
1467 1562 1708 1624 proximi
1749 1562 1982 1611 editores
2035 1562 2304 1611 carminis.
2377 1575 2442 1611 ac

350 1644 550 1692 meruit
588 1643 721 1692 bene
757 1644 824 1692 de
862 1658 925 1694 eo
962 1645 1155 1694 Petrus
1190 1646 1556 1707 Burmannus,
1595 1661 1718 1695 cum
1755 1661 1903 1696 anno
1939 1647 2081 1696 1727
2119 1647 2439 1696 instructum

350 1729 497 1777 notis
533 1729 746 1778 Heinsii
778 1730 1121 1792 aliorumque
1167 1731 1337 1780 edidit
1370 1745 1610 1793 suasque
1659 1732 2060 1781 observationes
2095 1731 2252 1782 haud
2291 1745 2441 1795 sper-

349 1814 559 1862 nendas
592 1810 853 1876 adiecitl).
916 1829 1109 1877 neque,
1150 1818 1211 1864 ut
1232 1816 1386 1876 alios,
1426 1817 1524 1878 qui
1547 1818 1828 1866 occasione
1860 1816 1985 1866 data
2012 1817 2068 1865 in
2092 1816 2443 1867 adnotatione

351 1900 537 1947 nostra
565 1900 948 1961 laudabuntur,
988 1902 1209 1962 taceam,
1245 1915 1345 1951 sua
1385 1902 1544 1951 laude
1573 1901 1920 1965 fraudandus
1955 1903 2039 1951 est
2070 1897 2439 1965 JC'Ierahn2).

352 1983 399 2031 is
429 1985 573 2032 enim
610 1986 665 2033 in
692 1986 927 2035 editione
957 1977 1242 2036 utilissima
1262 2001 1399 2036 sano
1439 1987 1636 2036 iudicio
1669 2002 1802 2036 usus
1828 2001 1942 2036 non
1977 1987 2144 2037 modo
2169 2001 2441 2038 commen-

352 2070 518 2119 tarios
538 2071 783 2133 priorum
811 2073 1134 2133 criticorum,
1174 2087 1314 2134 quos
1353 2074 1408 2122 in
1433 2073 1668 2122 editione
1703 2073 2111 2123 Burmanniana
2149 2074 2439 2134 invenerat,

350 2153 694 2229 excerpsit&
716 2158 1030 2210 summatim
1051 2159 1355 2224 proposuit,
1393 2158 1492 2207 sed
1513 2159 1674 2207 etiam
1707 2158 1898 2208 sedulo
1935 2158 2151 2223 colleyit
2172 2156 2341 2222 (velut
2376 2172 2444 2208 ex

341 2228 568 2295 'Heinsii
619 2246 879 2309 epistulis,
935 2246 1258 2296 adversariis
1294 2247 1531 2308 itemque
1575 2260 1641 2294 ex
1694 2245 2095 2294 commentariis
2129 2244 2443 2294 Heinsianis

355 2333 781 2381 Burmannianis
851 2332 1082 2381 aliorum
1153 2332 1229 2381 ad
1288 2333 1466 2381 varios
1515 2324 1695 2380 'libros
1756 2328 2096 2393 conscriptis)
2172 2329 2447 2392 quidquid

359 2417 679 2466 lectionibus
716 2417 962 2466 codicum
988 2417 1412 2467 Heinsianorum
1438 2416 1757 2480 supplendis
1794 2415 2177 2477 erroribusque
2213 2415 2270 2464 in
2305 2415 2445 2464 Bur-

360 2503 552 2550 manni
585 2503 820 2552 editione
856 2503 1211 2552 emendandis
1249 2504 1504 2552 inservire
1535 2503 1737 2565 posset.

499 2587 690 2650 Lonqo
729 2589 984 2650 temporis
1019 2589 1196 2650 spatio
1233 2589 1507 2637 interiecto
1542 2601 1684 2636 nova
1716 2600 1945 2649 prorsus
1979 2587 2129 2634 aetas
2151 2583 2442 2633 Metamor-

353 2671 559 2734 phoses
594 2673 908 2722 recensendi
942 2675 996 2722 et
1030 2674 1358 2723 emendandi
1393 2674 1606 2722 initium
1645 2672 1802 2721 duxit
1834 2671 1904 2720 ab
1953 2671 2187 2720 editione
2223 2668 2446 2733 Rudolfi

358 2757 563 2806 Merkel
601 2758 969 2808 Teubneriana
1015 2773 1163 2809 anno
1199 2759 1336 2808 1861
1384 2759 1581 2807 emissa
1616 2755 1805 2819 (altera
1837 2755 2043 2819 prodiit
2075 2767 2223 2804 anno
2259 2749 2440 2818 1875).

362 2843 417 2891 in
455 2842 561 2892 hac
597 2845 759 2904 enim,
799 2859 1134 2906 quamquam
1174 2846 1319 2894 caret
1351 2843 1703 2893 adnotatione
1739 2842 1936 2901 critica,
1969 2841 2209 2904 primum
2235 2839 2444 2888 ratione

359 2927 640 2978 adhibitus
694 2931 776 2978 est
827 2930 902 2979 ad
951 2932 1152 2979 textum
1192 2929 1628 2979 constituendum
1666 2941 1696 2976 e
1747 2927 2030 2976 collatione
2066 2924 2288 2974 Henrici
2321 2923 2446 2972 Keil

362 3013 529 3062 codex
565 3015 803 3076 optimus
828 3015 1141 3065 Marcianus
1164 3013 1289 3078 (M),
1330 3015 1432 3075 ille,
1472 3027 1633 3076 quem
1673 3001 1801 3062 olim
1830 3011 2089 3061 Heinsius
2126 3011 2188 3059 ut
2219 3010 2446 3059 noverat

506 3135 551 3191 1)
582 3139 728 3178 Publii
773 3139 916 3178 Ovidii
956 3140 1145 3179 Nasonis
1190 3139 1601 3189 Metamorphoseon
1645 3138 1747 3177 libri
1772 3137 1861 3177 XV.
1921 3136 2031 3176 Cum
2075 3134 2255 3184 integris
2290 3134 2447 3174 Jacobi

365 3209 610 3249 Constantii
634 3210 862 3256 Fanensis,
891 3211 1071 3250 Henrici
1097 3211 1254 3250 Loritii
1282 3209 1494 3256 Glareani,
1523 3209 1679 3249 Jacobi
1705 3207 1888 3258 Micylli‚
1917 3206 2117 3246 Herculis
2147 3205 2329 3255 Ciofani,
2357 3204 2444 3244 Da-

363 3281 489 3319 nielis
518 3283 563 3319 et
589 3281 760 3320 Nicolai
786 3281 1065 3320 Heinsiorum
1094 3285 1139 3320 et
1165 3283 1378 3332 excerptis
1422 3281 1606 3321 aliorum
1646 3281 1775 3325 notis,
1814 3279 1972 3328 quibus
2001 3279 2046 3317 et
2071 3287 2175 3316 suas
2203 3276 2444 3316 adnotatio-

363 3363 441 3390 nes
477 3352 634 3391 adiecit
667 3352 823 3391 Petrus
860 3352 1154 3392 Burmannus.
1219 3353 1380 3392 Tomus
1415 3353 1471 3393 ΙΙ.
1529 3351 1803 3390 Amsterdam
1834 3350 1958 3390 1727.
2018 3345 2076 3387 4⁰.
2138 3347 2253 3386 inter
2279 3349 2444 3386 textum

307 3441 310 3444 ⁴
364 3423 570 3461 carminis
599 3434 826 3472 expressae
854 3425 961 3462 sunt
989 3435 1088 3462 cum
1118 3424 1236 3463 notis
1266 3425 1482 3463 variorum
1499 3423 1747 3462 criticorum
1776 3421 2047 3460 narrationes
2070 3418 2166 3457 illae
2180 3417 2444 3468 fabularum,

365 3504 474 3541 quae
502 3493 702 3532 Lactanti
731 3494 898 3533 Placidi
924 3506 1019 3533 esse
1048 3495 1264 3535 dicuntur.

509 3565 551 3614 2)
580 3564 627 3603 Ρ.
662 3564 805 3604 Ovidii
831 3566 1021 3604 Nasonis
1065 3566 1475 3616 Metamorphoseon
1521 3564 1620 3604 libri
1647 3563 1733 3602 XV.
1793 3562 1863 3600 Ad
1889 3553 2087 3600 co'dicum
2117 3558 2224 3598 Mss.
2253 3559 2299 3597 et
2324 3559 2445 3599 editt.

362 3635 493 3685 fidem
541 3637 791 3684 recognovit
833 3639 878 3675 et
919 3648 1020 3675 cum
1067 3638 1269 3675 varietate
1320 3636 1518 3676 lectionis
1568 3635 1703 3674 edidit
1748 3633 1941 3672 Joannes
1991 3630 2266 3670 Christianus
2311 3629 2443 3668 Jahn.

367 3706 539 3756 Lipsiae
570 3707 693 3747 1832.
