2580 4088
360 250 463 298 678
871 251 1096 297 Lactantii
1126 250 1302 296 Placidi
1334 251 1413 307 qui
1442 251 1607 296 dicitur
1634 250 1930 296 narrationes.

153 404 234 454 sab
263 401 325 443 10
355 394 602 447 obrutum
639 395 888 462 stagnum
925 392 1127 446 factum
1151 398 1227 446 est
1394 393 1653 447 Achelous
1677 393 1815 446 inter
1839 394 2018 462 epulas
2043 393 2257 460 Theseo,
2293 410 2451 463 quem

354 480 620 547 receperat
655 479 893 546 hospiti0,
931 493 1176 531 enarrans
1213 478 1323 542 hos,
1361 478 1451 545 qui
1488 493 1543 531 se
1580 478 1636 531 in
1662 478 1890 531 alienam
1914 477 2135 545 figuram
2160 479 2450 546 vertissent,
2552 495 2576 553 :³3

355 564 598 617 emiranti
651 578 803 615 casus
847 562 1160 628 mortalium,
1219 563 1378 616 etiam
1426 564 1517 631 qui
1559 563 1616 615 in
1663 563 1839 632 plures
1883 563 2104 616 abierint
2155 561 2337 631 refert,
2391 568 2452 618 ut
2552 562 2572 702 ι

354 647 543 701 Prot-ea
578 647 807 716 Neptuni
853 647 1038 711 filium,
1095 647 1308 700 solitum
1355 648 1509 701 modo
1545 648 1601 701 in
1644 648 1900 712 iuvenem,
1954 647 2107 701 modo
2142 649 2198 700 in
2235 647 2452 715 leonem,
2559 709 2562 713 ,

353 731 621 785 interdum
658 733 713 784 in
751 748 956 800 aprum,
1009 731 1138 784 alias
1182 732 1238 784 in
1276 747 1502 800 anguem
1539 735 1591 786 et
1628 735 1802 786 cetera
1836 733 1893 786 in
1929 733 2176 786 animalia
2211 734 2453 798 converti,
2489 746 2513 786 5

175 830 258 879 fab
288 829 339 872 11
371 819 559 886 quibus
595 818 810 870 insidias
847 820 1022 884 posset
1058 817 1265 870 eludere
1407 818 1618 884 Mestre,
1659 818 2018 887 Erysicthonis
2052 818 2175 880 filia,
2211 819 2454 888 Autolyci

359 919 500 967 uxor,
540 919 661 956 eum
698 905 970 970 parentem
1008 902 1476 967 animadvertisset,
1515 903 1652 971 quod
1676 903 1731 955 in
1757 903 2025 956 Thessalia
2047 903 2226 956 lucum
2251 903 2452 958 Cereris
2566 922 2574 960 ι

358 989 692 1051 devastasset,
730 987 1092 1054 gravissimam
1130 987 1346 1055 experiri
1382 987 1523 1041 fame
1558 1003 1796 1057 poenam,
1833 988 2076 1041 omnibus
2110 988 2267 1042 rebus
2299 989 2365 1042 ab
2390 1004 2451 1043 eo
2567 973 2573 995 ²

356 1072 677 1140 consumptis
714 1072 992 1125 novissime
1033 1088 1088 1125 se
1128 1088 1332 1140 quoque
1369 1088 1462 1141 pro
1498 1069 1705 1126 ancilla
1726 1073 1943 1137 venisse,
1979 1088 2011 1126 a
2047 1072 2312 1141 Neptuno,
2360 1074 2451 1142 qui

356 1157 467 1210 eius
503 1157 857 1224 virginitatem
895 1158 1175 1221 ademerat,
1212 1158 1344 1226 petit
1379 1160 1439 1210 ut
1483 1159 1559 1211 eis
1603 1158 1762 1211 ferret
1805 1174 1970 1226 opem.
2029 1159 2085 1211 at
2128 1158 2217 1212 ille
2252 1174 2453 1212 memor
2488 1169 2536 1211 ιο

357 1243 467 1295 eius
506 1242 826 1309 concubituS,
865 1259 987 1295 cum
1025 1243 1407 1311 speciosissima
1444 1243 1651 1296 domino
1687 1242 1881 1296 tradita
1914 1245 2065 1311 esset,
2103 1245 2165 1296 ut
2200 1242 2451 1312 effugeret
2571 1236 2577 1259 ⁷

353 1327 464 1380 eius
503 1327 820 1392 servitutem,
856 1329 912 1380 in
948 1329 1262 1396 piscatorem
1298 1344 1415 1381 eam
1451 1329 1782 1397 processioris
1819 1328 2006 1381 aetatis
2031 1328 2295 1382 convertit.
2346 1343 2448 1397 quo

358 1415 546 1466 eventu
581 1413 637 1465 in
673 1413 900 1481 reliquas
940 1430 1144 1482 quoque
1180 1414 1374 1482 figuras
1411 1414 1565 1467 solita
1599 1413 1815 1478 mutari,
1851 1415 1912 1466 ut
1947 1413 2112 1481 pretio
2150 1413 2233 1466 sui
2266 1429 2451 1482 paren-

352 1501 461 1550 tem
497 1513 690 1566 poenas
726 1499 1042 1567 pendentem
1081 1500 1217 1552 alere
1254 1502 1443 1568 posset.
1493 1499 1641 1552 cuius
1680 1499 1847 1551 exitus
1884 1497 1985 1552 fuit-
2020 1498 2157 1568 talis,
2188 1499 2254 1552 ut
2277 1499 2447 1553 varios

352 1583 408 1634 in
443 1582 581 1636 fame
619 1583 761 1637 cibos
798 1585 1076 1637 novissime
1113 1585 1398 1638 visceribus
1450 1585 1559 1638 suis
1597 1584 1796 1653 epulari
1831 1585 2121 1651 cogeretur;
2166 1599 2272 1637 non
2308 1583 2450 1638 enim
2485 1593 2533 1635 15

354 1667 535 1720 sinunt
572 1667 746 1737 superi
784 1668 892 1723 sive
929 1670 1052 1735 fata,
1089 1673 1150 1723 ut
1186 1670 1342 1725 Ceres
1379 1668 1517 1723 coire
1556 1686 1676 1723 cum
1712 1670 1872 1723 Fame
1908 1667 2088 1738 possit.

495 1809 623 1862 (VIII
653 1810 801 1865 myro>
831 1808 1058 1854 Protheus
1087 1809 1135 1853 in
1165 1810 1339 1866 species
1373 1810 1522 1854 uarias
1543 1812 1655 1865 post
1684 1809 1773 1854 723
1798 1811 1860 1853 Μ
1983 1808 2014 1852 2
2042 1807 2262 1853 enarratis
2290 1807 2362 1854 his
2390 1810 2451 1854 N

351 1880 434 1938 33q
450 1881 660 1925 emiranti
682 1881 727 1924 0
744 1881 796 1933 V,
818 1879 998 1924 miranti
1012 1879 1271 1925 Raenerius
1292 1881 1307 1936 {l
1329 1880 1495 1937 plures]
1511 1881 1575 1924 sie
1598 1881 1643 1924 0
1661 1881 1715 1935 V,
1732 1880 1906 1936 figuras
1921 1880 2014 1923 add
2029 1879 2164 1936 vulyo
2185 1879 2200 1935 ΙΙ
2221 1878 2447 1925 habierint

353 1952 413 1995 N
434 1952 449 2006 u
473 1957 524 1994 ut
561 1950 729 1995 Protea
757 1951 903 2007 vulgo,
936 1951 1005 2003 ἰα’
1023 1966 1045 1994 e
1065 1956 1125 2004 et)
1164 1951 1360 2008 prothea
1388 1952 1468 2004 M,
1515 1956 1562 1996 et
1592 1957 1753 2007 protea
1782 1951 1835 2003 V,
1881 1964 1938 1995 ex
1969 1949 2134 2007 quibus
2161 1949 2354 2008 prothea
2389 1952 2451 1996 N

352 2024 381 2066 4
411 2022 473 2075 (in
503 2026 591 2074 om)
621 2022 798 2066 leonem
829 2023 889 2066 N
970 2023 998 2067 5
1027 2023 1091 2076 (in
1122 2027 1212 2075 om)
1241 2036 1399 2079 aprum
1430 2023 1489 2066 N
1568 2023 1598 2067 6
1626 2021 1894 2066 insidiantes
1923 2022 1983 2065 N
2028 2022 2043 2077 ΙΙ
2091 2032 2287 2077 possunt
2313 2022 2374 2067 N

496 2093 644 2145 (VIIII
660 2093 809 2149 niyro)
833 2093 998 2138 Mestre
1018 2093 1066 2137 in
1088 2093 1328 2138 dissimiles
1349 2093 1523 2150 figuras
1545 2117 1554 2125 ·
1583 2092 1913 2137 etheresictono
1938 2117 1946 2124 -
1970 2093 2018 2135 in
2037 2092 2132 2138 faffi
2142 2095 2255 2148 poet
2275 2093 2360 2139 740
2375 2093 2450 2138 M

352 2163 382 2207 6
410 2170 575 2208 mestre
604 2165 678 2208 M
693 2165 746 2217 V,
777 2170 944 2208 mestra
974 2165 1034 2208 N
1048 2163 1275 2208 Muneker
1303 2164 1436 2221 vulgo
1473 2166 1487 2220 ΙΙ
1523 2163 1838 2220 Erysicthonis
1857 2163 2032 2219 scripsi,
2064 2163 2360 2210 eresicthonis
2382 2165 2442 2218 0,

353 2233 596 2278 Erisitonis
626 2235 680 2286 V,
710 2234 1044 2280 ErisiehthonIs
1072 2236 1209 2292 vulqo
1246 2237 1260 2291 ΙΙ
1301 2235 1486 2280 autolici
1515 2237 1575 2280 N
1586 2236 1638 2287 V,
1669 2239 1749 2279 aut
1778 2234 1884 2279 olici
1913 2235 1986 2279 M
2068 2237 2093 2280 ’ἶ
2123 2241 2311 2291 parente
2339 2235 2399 2280 N
2422 2237 2439 2290 Ι

354 2305 479 2361 quod
509 2311 555 2350 et
584 2306 630 2349 in
660 2307 719 2350 N
755 2307 769 2361 ΙΙ
810 2305 1002 2350 thesalia
1035 2307 1081 2351 Ο
1167 2307 1197 2351 8
1226 2306 1418 2363 experiri
1449 2307 1503 2359 V,
1535 2309 1786 2362 experstum
1806 2306 1864 2350 ir
1883 2320 1930 2349 ‘m
1947 2305 1991 2359 2)
2022 2306 2101 2362 Μ,
2131 2311 2344 2361 expertus
2373 2311 2444 2350 est

352 2378 419 2429 N,
451 2387 685 2433 expertum
715 2378 845 2434 vulgo
894 2379 909 2434 ΙΙ
960 2377 1082 2422 fame
1110 2379 1164 2431 V,
1194 2377 1346 2429 famlis
1373 2377 1433 2421 ir
1452 2391 1499 2421 m
1518 2377 1562 2425 2)
1587 2378 1666 2434 Μ
1695 2376 1828 2421 famis
1848 2377 1908 2421 N
1931 2377 2065 2433 vulgo
2206 2377 2237 2421 9
2263 2376 2444 2421 uenisse

352 2448 419 2504 N,
449 2448 749 2501 uen(didisset
777 2449 840 2492 ir
860 2463 906 2492 m
935 2449 979 2503 2)
1007 2450 1089 2502 M,
1130 2448 1413 2494 vendidisset
1441 2449 1488 2495 V
1507 2448 1642 2505 vulqo
1764 2447 1822 2492 10
1850 2447 1947 2492 eius
1983 2447 2150 2504 uirgini
2190 2453 2321 2492 necte
2350 2447 2442 2501 (sie)

353 2559 424 2602 ad.
455 2562 514 2604 N
551 2562 564 2617 ΙΙ
606 2519 862 2615 Ξῖἰδέῗιξῗξῗω
881 2576 910 2619 p
931 2577 978 2606 m
992 2562 1113 2617 2)rat
1140 2562 1221 2616 M,
1251 2575 1301 2607 se
1329 2562 1442 2619 imy
1470 2574 1531 2606 m
1550 2563 1565 2617 ΙΙ
1588 2562 1704 2618 petit
1734 2562 1780 2606 0
1801 2562 1853 2614 V,
1883 2560 2018 2618 petiit
2045 2560 2178 2617 vulyo
2214 2561 2229 2616 ss
2265 2561 2332 2606 eis
2360 2562 2442 2616 M,

353 2630 394 2674 ei
416 2632 474 2674 N
491 2632 535 2676 V
565 2633 579 2687 ΙΙ
617 2632 806 2678 offen-et
821 2635 880 2678 N
933 2635 988 2677 11
1005 2632 1242 2677 occubitus
1259 2634 1319 2677 N
1378 2632 1436 2677 1⁶2.
1451 2634 1548 2677 eius
1573 2633 1838 2678 seruitutem
1864 2633 2175 2688 redintegrata
2188 2632 2326 2676 inM
2341 2633 2357 2687 fl
2377 2633 2442 2676 eie

352 2701 421 2757 (ef
432 2702 529 2755 668,
546 2703 589 2754 8)
614 2704 659 2747 Ο
680 2704 732 2760 V,
751 2705 1052 2759 provectioris
1067 2703 1134 2748 vel
1148 2703 1475 2760 progressioris
1494 2703 1721 2748 Muneker
1807 2702 1865 2748 13
1884 2702 1967 2748 sol.
1988 2708 2058 2748 est
2077 2702 2269 2760 Vvulqo
2298 2705 2314 2758 Ι
2335 2709 2437 2759 utq:

353 2786 408 2814 ex
430 2785 511 2829 qq:
533 2786 593 2817 m
707 2777 764 2819 14
792 2775 1018 2831 potuisset
1050 2776 1110 2819 N
1140 2776 1155 2831 ΙΙ
1192 2781 1244 2819 ut
1272 2781 1378 2831 post
1397 2778 1551 2820 varios
1585 2774 1805 2832 Micyllus
1919 2775 2032 2830 lesq
2062 2779 2310 2831 coegerunt
2341 2774 2402 2818 N
2424 2774 2440 2831 Ι

354 2855 445 2886 non
477 2845 794 2890 enim-Fame
822 2847 984 2901 possit]
1014 2845 1179 2890 habent
1206 2850 1277 2899 (cu
1306 2845 1429 2891 fame
1456 2847 1577 2891 coire
1605 2859 1650 2902 p.
1671 2847 1731 2899 V)
1767 2847 1813 2890 O
1844 2846 1898 2899 V,
1928 2859 2001 2890 om
2026 2844 2161 2901 vulqo
2203 2845 2219 2901 ΙΙ
2258 2843 2439 2900 οουίτθ

354 2914 430 2968 Μ,
466 2914 618 2959 cohire
648 2917 707 2959 N
730 2917 936 2972 sequitur
964 2916 1035 2960 hie
1062 2917 1161 2961 sine
1190 2916 1430 2961 intervallo
1459 2917 1538 2973 fab
1566 2915 1602 2960 Ι
1618 2917 1724 2961 libri
1751 2917 1866 2961 noni
1890 2915 2125 2970 (Deianira
2151 2919 2216 2972 eq)
2245 2915 2298 2960 in
2326 2916 2387 2960 N
