2580 4088
348 203 452 251 650
869 203 1092 248 Lactantii
1122 202 1294 247 Placidi
1327 202 1408 258 qui
1437 202 1601 246 dicitur
1629 202 1923 246 narrationes.

346 348 640 400 Taenarum
699 346 1118 414 promunturium
1173 344 1526 411 Peloponense
1587 342 1870 396 inferorum
1931 359 2154 411 sequens
2211 345 2311 398 iter
2369 345 2435 398 ad

347 432 569 500 Erinyas
613 432 825 484 ultrices
869 431 1127 498 inpiorum
1167 428 1435 481 descendit
1469 428 1716 496 petiitque
1767 429 1831 481 ab
1877 429 1971 492 eis,
2022 431 2082 481 ut
2118 429 2438 484 Athamanta

349 532 470 569 cum
508 517 723 582 coniuge
749 515 858 579 Ino,
896 514 1212 567 adversarios
1248 512 1480 565 numinis
1519 513 1613 577 sui,
1651 513 2038 568 ulciscerentur.
2076 529 2297 582 quarum
2331 530 2439 568 una

348 601 563 670 imperio
610 616 798 669 parens
847 600 972 652 deae
1017 599 1199 650 relicta
1245 597 1389 664 regia
1423 597 1564 650 Ditis
1617 597 1683 650 ad
1727 613 1939 665 superos
1977 613 2185 665 egressa
2220 600 2315 652 est.
2377 602 2439 652 ut

350 686 685 738 Athamantis
718 686 914 751 regiam
940 684 1172 750 contigit,
1211 682 1267 734 in
1304 682 1479 735 sinum
1505 682 1616 735 eius
1642 698 1703 735 ac
1728 683 1961 750 coniugis
1987 698 2184 751 angues
2209 686 2262 737 et
2285 683 2441 749 virus,
2475 694 2500 734 5

352 772 540 838 quibus
597 785 779 822 sensus
834 784 1014 821 eorum
1069 768 1439 831 alienarentur,
1492 767 1685 820 iniecit.
1748 783 1906 835 quam
1954 769 2018 821 ob
2056 768 2315 821 insaniam
2349 768 2439 822 ille

350 856 641 908 Learchum
695 854 862 906 filium
910 854 965 905 in
1009 853 1279 906 venatione
1326 868 1416 921 pro
1472 851 1581 905 fera
1626 852 1899 917 interfecit,
1946 853 2039 906 Ino
2077 855 2255 906 autem
2288 853 2439 906 Meli-

348 942 523 993 certen
578 956 639 992 ex
692 939 901 1007 scopulo
955 954 1135 991 secum
1189 938 1246 990 in
1292 936 1608 1005 profundum
1656 938 2027 1006 praecipitavit.
2089 938 2179 1006 qui
2225 937 2442 991 Veneris

347 1025 584 1092 precibus
637 1040 728 1092 pro
782 1025 968 1091 nepote
1023 1023 1217 1075 habitis
1270 1038 1301 1075 a
1344 1023 1588 1091 Neptuno
1642 1023 1816 1091 pelagi
1870 1024 2066 1075 rectore
2117 1023 2174 1075 in
2229 1022 2443 1076 deorum

349 1125 547 1162 cessere
598 1124 899 1175 numerum,
952 1108 1027 1160 ita
1075 1110 1134 1160 ut
1169 1108 1466 1161 Melicertes
1510 1108 1817 1172 Palaemon,
1866 1108 1979 1176 ipsa
2020 1107 2116 1161 Ino
2152 1108 2446 1162 Leucothoe
2483 1116 2530 1158 1ο

151 1212 232 1262 fab
262 1209 319 1251 14
349 1194 485 1246 inter
520 1194 747 1247 marinos
787 1194 907 1247 deos
944 1195 1273 1262 nuncupetur
1451 1193 1639 1247 Refert
1675 1184 1878 1260 quoque
1905 1192 2162 1246 Venerem
2196 1193 2388 1261 petisse
2413 1207 2446 1246 a

354 1279 595 1346 Neptuno
635 1279 697 1332 de
734 1278 830 1332 Ino
869 1280 922 1331 et
958 1279 1237 1341 Melicerte,
1274 1280 1335 1331 ut
1373 1278 1428 1330 in
1464 1293 1743 1343 numerum
1782 1278 1996 1331 deorum
2029 1277 2235 1331 referat.
2288 1276 2440 1344 signi·

349 1364 471 1416 ficat
518 1363 658 1417 enim
705 1364 883 1417 Venus
933 1379 988 1417 se
1036 1364 1091 1415 in
1137 1363 1291 1416 undis
1345 1365 1458 1416 esse
1508 1365 1759 1427 creatam,
1817 1378 1917 1430 quo
1967 1362 2172 1415 facilius
2216 1365 2447 1416 moveret

151 1466 232 1516 fab
264 1464 323 1504 15
354 1447 659 1516 Neptunum
837 1449 1065 1504 Comites
1101 1448 1244 1513 Inue,
1283 1448 1417 1516 quod
1457 1448 1710 1501 desiderio
1747 1449 1956 1515 reginae
1993 1447 2228 1501 adfectae
2265 1462 2447 1501 casum

352 1533 462 1586 eius
500 1535 792 1587 maerentes
818 1534 1147 1600 defleverant,
1189 1535 1253 1587 ob
1292 1534 1512 1587 eandem
1548 1534 1681 1586 iram
1707 1533 1923 1586 Iunonis
1956 1548 2078 1585 cum
2114 1532 2449 1601 praecipitare
2486 1541 2533 1582 15

354 1634 408 1670 se
447 1618 812 1684 destinassent,
851 1635 917 1672 ne
954 1620 1067 1687 pari
1103 1620 1294 1672 honore
1332 1634 1364 1672 a
1399 1619 1645 1687 Neptuno
1683 1619 1848 1686 excipi
1884 1620 2110 1686 possent,
2145 1618 2200 1670 in
2238 1633 2362 1671 saxa
2396 1620 2450 1671 et

155 1719 237 1770 fab
266 1716 326 1759 16
356 1719 475 1756 aves
513 1703 684 1757 effecit
718 1706 779 1756 ut
813 1704 1307 1771 transfigurarentur
1451 1704 1680 1760 Cadmus
1705 1703 1958 1771 Agenoris
1982 1703 2136 1768 filius,
2172 1704 2450 1771 postquam

355 1789 616 1856 inspector
653 1789 826 1842 fuerat
864 1805 1076 1842 suarum
1115 1790 1478 1842 calamitatum
1514 1790 1568 1841 in
1606 1789 1747 1841 exitu
1782 1788 2034 1856 neptium,
2069 1803 2283 1856 perosus
2318 1788 2448 1841 The·

356 1873 542 1925 barum
580 1874 728 1927 sedes
766 1890 887 1927 cum
911 1874 1216 1942 Harmonia,
1253 1875 1440 1927 Martis
1478 1876 1532 1927 et
1566 1874 1786 1927 Veneris
1821 1873 1946 1934 filia,
1984 1874 2202 1940 coniuge
2238 1888 2349 1938 sua,
2394 1873 2452 1926 in

356 1957 590 2025 Illyricos
637 1959 879 2027 profugit.
950 1960 1024 2012 ibi
1060 1960 1223 2028 petita
1259 1960 1411 2012 venia
1457 1974 1487 2012 a
1532 1959 1641 2012 deis
1695 1958 1751 2011 in
1796 1958 2033 2011 draconis
2070 1958 2298 2026 speciem
2335 1973 2456 2012 con-
2489 1967 2540 2008 20

357 2043 588 2107 vertitur,
626 2045 715 2111 qui
740 2045 888 2097 initio
913 2044 1040 2097 mali
1077 2059 1236 2097 causa
1261 2044 1376 2097 fuit.
1439 2046 1558 2097 vota
1583 2045 1693 2097 eius
1720 2044 1923 2112 expleta
1948 2044 2093 2096 sunt:
2122 2044 2179 2096 in
2205 2043 2452 2097 dracones

499 2170 527 2212 1
555 2169 945 2223 promunctorium
985 2170 1053 2226 (ef
1082 2171 1142 2213 ad
1172 2171 1266 2213 met
1295 2168 1394 2214 XV
1420 2168 1518 2221 709)
1557 2170 1591 2226 β
1619 2169 1700 2222 Μ,
1745 2168 2102 2225 promuctorium
2132 2169 2201 2221 N,
2243 2180 2453 2224 promon-

357 2239 524 2282 torium
564 2240 610 2285 V
655 2240 669 2295 ΙΙ
719 2240 1030 2296 peloponense
1059 2241 1107 2296 β,
1152 2239 1464 2296 peloponnese
1503 2240 1555 2291 V,
1601 2239 1943 2296 peloponnense
1987 2238 2226 2295 Muncker,
2269 2238 2453 2296 pelope-

357 2323 498 2355 nense
525 2313 608 2365 M,
638 2311 872 2368 pelopensi
892 2312 959 2366 N,
990 2311 1297 2367 Peloponnesi
1318 2310 1538 2368 Micyllus
1637 2313 1723 2366 lsq
1754 2309 1990 2355 aderenias
2011 2310 2058 2367 β,
2089 2309 2150 2354 ad
2177 2309 2354 2354 aerinas
2371 2309 2453 2365 M,

358 2381 592 2427 adercmas
634 2383 696 2439 N,
741 2382 802 2427 ad
830 2381 1025 2427 Erinnes
1077 2381 1113 2427 V
1164 2383 1178 2437 ΙΙ
1238 2381 1408 2426 ultricis
1438 2382 1491 2426 N
1537 2383 1551 2438 ΙΙ
1601 2380 1809 2437 pelitque
1840 2382 1873 2437 β
2074 2379 2107 2424 4
2135 2380 2307 2438 regiam
2335 2381 2390 2425 N
2433 2384 2450 2435 fl

359 2451 495 2496 dictis
526 2453 560 2509 β
609 2453 624 2508 ΙΙ
675 2466 870 2509 egressa,
902 2459 954 2498 ut
981 2452 1203 2510 Micyllus
1346 2453 1376 2497 ἔ»
1405 2453 1559 2508 tetigit
1586 2452 1638 2496 N
1684 2453 1699 2508 ΙΙ
1750 2450 1988 2507 aconiugis
2019 2452 2054 2508 β
2103 2453 2119 2507 Ι
2168 2465 2222 2496 ac
2249 2452 2375 2497 uirus
2402 2453 2457 2497 N

361 2523 444 2577 739
465 2523 726 2568 melicerten
755 2528 874 2576 (eum
895 2538 991 2569 sscr
1011 2526 1062 2582 β)
1083 2526 1117 2582 β
1136 2526 1202 2576 N,
1222 2524 1450 2569 melicerta
1470 2524 1544 2568 M
1624 2523 1653 2567 8
1683 2522 1905 2579 excopulo
1938 2523 1971 2579 β
2008 2523 2022 2579 ΙΙ
2059 2536 2109 2568 se
2136 2524 2184 2567 in
2214 2523 2249 2580 β
2287 2526 2302 2579 ΙΙ
2352 2536 2456 2580 pro·

359 2592 505 2637 fundo
533 2596 587 2638 N
755 2596 786 2640 9
813 2596 1058 2653 nepotibus
1087 2596 1315 2641 Muncker
1463 2595 1521 2640 10
1548 2593 1791 2639 leucothoe
1817 2593 1913 2650 Οβ
1948 2593 1990 2650 V,
2021 2593 2279 2638 Leucothee
2306 2593 2377 2650 (ef
2394 2594 2456 2638 ad

360 2663 460 2719 649,
478 2664 606 2719 J5sq)
636 2665 772 2722 vulyo
808 2666 825 2721 ΙΙ
859 2679 922 2710 an
963 2667 1205 2724 legendum
1241 2667 1305 2711 sit
1332 2668 1427 2710 met
1453 2665 1533 2712 IV
1557 2665 1648 2710 542
1672 2663 2027 2721 Leucothoeque
2055 2665 2225 2722 dubito,
2253 2665 2309 2722 cf
2328 2664 2455 2721 Prop

361 2733 425 2776 II
434 2734 570 2789 26,10
586 2739 630 2779 et
642 2736 712 2790 28,
727 2736 789 2781 20
868 2738 926 2781 11
952 2743 1236 2794 nuncupetur
1249 2738 1330 2793 M,
1358 2742 1673 2792 nuncupentur
1689 2736 1785 2792 βΝ
1799 2734 1848 2791 V,
1864 2741 2231 2791 nuncuparentur
2243 2735 2299 2779 ed
2317 2734 2456 2780 Golon

502 2805 622 2850 XIII
652 2807 821 2863 Spuma
836 2809 972 2853 maris
994 2810 1040 2852 in
1058 2822 1268 2854 uenerem
1289 2807 1494 2864 post530
1508 2808 1542 2864 β
1557 2807 1631 2851 M
1682 2806 1740 2850 12
1760 2811 1806 2850 et
1826 2819 1898 2850 om
1913 2807 1969 2850 N
2022 2806 2142 2853 13111
2157 2805 2228 2850 his
2249 2805 2384 2851 undis
2402 2807 2459 2851 N

503 2876 618 2922 XIV
647 2877 863 2923 Sidoniae
893 2880 1082 2924 comites
1111 2880 1215 2924 inus
1242 2880 1291 2923 in
1322 2892 1434 2924 saxa
1463 2883 1510 2922 et
1536 2879 1584 2922 in
1614 2891 1728 2942 aues
1747 2881 1857 2933 post
1885 2877 1975 2923 542
2002 2878 2036 2934 β
2055 2877 2129 2921 M
2224 2877 2282 2922 15
2311 2875 2456 2921 deflu-

1718 2934 1830 2968 1111102

362 2980 492 3087 ἓτεηῑ
519 2977 574 3019 N
695 2978 752 3022 16
780 2985 970 3034 possent
998 2992 1110 3023 saxa
1139 2985 1186 3022 et
1214 2978 1262 3021 111
1294 2991 1403 3022 aues
1431 2978 1487 3021 N
1569 2978 1623 3022 17
1656 2975 1810 3021 effecit
1838 2978 1920 3033 M,
1950 2975 2097 3021 efficit
2125 2977 2160 3033 β
2245 2976 2303 3022 13
2331 2980 2457 3020 trans

385 3045 639 3100 iguraretur
668 3049 702 3104 β

476 3117 564 3160 XV
596 3117 793 3162 Cadmus
831 3124 877 3164 et
918 3119 1120 3164 armonia
1157 3119 1205 3163 in
1243 3119 1463 3164 dracones
1494 3121 1605 3174 post
1639 3117 1735 3162 562
1761 3118 1795 3174 β
1824 3118 1906 3174 Μ,
1935 3117 2014 3162 sed
2044 3121 2086 3170 (e
2114 3125 2132 3161 i
2151 3130 2178 3161 r
2196 3130 2242 3160 m
2261 3114 2458 3168 2)rm(io·

364 3185 382 3228 i
401 3201 427 3231 r
446 3201 502 3231 ex
522 3192 701 3243 corr)na
722 3190 793 3232 M
822 3190 838 3245 ΙΙ
880 3190 1119 3245 descripsit
1135 3189 1344 3247 fabulam
1373 3190 1434 3233 ad
1452 3189 1634 3233 verbum
1661 3187 1882 3245 Mythoyr
1915 3188 1996 3234 Vat
2014 3188 2048 3232 Ι
2066 3188 2151 3233 150
2185 3190 2240 3243 (p
2261 3186 2397 3241 48,17
2409 3199 2458 3242 sq

364 3258 505 3312 Rode)
648 3262 703 3305 17
735 3260 982 3316 agenoride
1012 3264 1144 3314 (corr)
1173 3263 1228 3305 N
1346 3260 1404 3305 18
1434 3258 1786 3304 calamitantium
1815 3261 1871 3304 N
1904 3260 1918 3315 ΙΙ
1953 3265 2171 3315 nepotum
2199 3255 2336 3314 Myth
2373 3255 2462 3302 Vat

364 3328 591 3411 liguneker
674 3331 732 3376 19
760 3330 883 3375 sedis
913 3332 1006 3384 (sed
1027 3345 1052 3376 e
1073 3347 1130 3376 eae
1149 3332 1166 3376 i
1186 3335 1262 3385 m)
1294 3332 1328 3388 β
1356 3331 1402 3375 Ο
1442 3332 1457 3387 ΙΙ
1495 3329 1747 3375 Harmonia
1777 3331 1822 3377 V
1845 3329 2080 3382 ΜαηεΙςεν,
2109 3327 2314 3373 armonia
2343 3327 2458 3385 BN,

365 3395 386 3419 θ

365 3428 587 3481 arm(iona
605 3430 664 3473 ir
679 3444 726 3473 m
741 3430 788 3484 2)
809 3431 886 3485 In,
905 3429 1142 3475 hermiona
1161 3429 1298 3487 Myth
1326 3429 1415 3476 Vat
1506 3430 1622 3485 208q
1642 3429 1842 3488 illyricos
1857 3429 1910 3481 V,
1938 3427 2124 3472 illiricos
2144 3427 2179 3485 β
2198 3427 2263 3484 N,
2283 3425 2455 3471 iliricos

366 3500 447 3552 M,
467 3500 650 3558 Illyrios
665 3501 884 3565 Micyllus
905 3502 920 3556 ΙΙ
943 3502 1117 3545 aomN
1139 3502 1154 3557 ΙΙ
1177 3501 1711 3554 deis—convertitu1·]sic
1725 3500 1799 3545 M
1818 3498 1867 3553 V,
1896 3498 1995 3543 deis
2011 3500 2455 3542 ut—conuerteretur

367 3599 418 3640 N
438 3597 574 3653 Myth
593 3599 686 3644 Vat
740 3598 797 3643 21
817 3567 949 3644 ilnnitio
973 3601 1006 3656 β
1028 3601 1043 3655 ΙΙ
1065 3605 1178 3645 vota
1207 3600 1415 3656 coniugis
1433 3598 1632 3644 Ehwald
1660 3599 1675 3655 ΙΙ
1708 3603 1819 3644 vota
1847 3602 1953 3643 sunt
1972 3596 2157 3653 impleta
2175 3595 2311 3653 Myth
2332 3594 2456 3652 Vatu

368 3668 415 3710 in
445 3666 678 3721 dracones]
709 3669 757 3712 in
789 3676 1020 3726 serpentes
1049 3670 1186 3716 ambo
1216 3670 1353 3728 Myth
1382 3671 1475 3716 Vat
