2580 4088
721 181 806 228 Ov.
837 182 1018 227 Metam.
1048 180 1147 227 Lib.
1178 180 1214 238 Ι,
1247 195 1290 227 v.
1324 184 1560 227 502—543.
2096 186 2161 233 33

15 327 18 331 ’
86 327 239 388 dioor,
274 326 327 377 et
361 325 639 379 herbarum
677 324 912 378 subiecta
947 324 1178 393 potentia
1212 324 1386 378 nobis:

0 413 7 483 J
85 411 133 464 ei
168 409 310 471 mihi,
349 409 484 477 quod
519 409 678 462 nullis
715 425 859 462 amor
896 410 976 462 est
1012 408 1260 462 sanabilis
1299 408 1487 473 herbis,

84 509 183 549 neo
217 496 434 563 prosunt
470 493 691 562 domino,
730 508 861 561 quae
897 495 1114 562 prosunt
1150 493 1405 558 omnibus,
1442 494 1580 547 artes
1593 486 1619 543 Γ

226 578 384 631 Plura
418 579 715 632 locuturum
752 578 933 631 timido
970 578 1163 632 Peneia
1199 594 1355 632 eursu
2097 590 2167 629 525

85 662 221 730 fugit
257 678 478 731 eumque
514 663 626 731 ipso
661 663 818 716 verba
852 662 1136 731 inperfecta
1173 662 1395 731 reliquit,

84 749 200 801 tum
239 762 440 815 quoque
476 747 588 801 visa
624 748 826 801 decens,
897 747 1167 800 nudabant
1203 763 1413 816 corpora
1448 747 1604 812 venti,

86 832 336 900 obviaque
375 832 614 885 adversas
652 831 926 885 vibrabant
961 831 1174 885 flamina
1209 834 1393 897 vesteS,

86 918 141 970 et
174 917 301 970 levis
336 917 567 985 inpulsos
603 918 739 970 retro
777 916 936 970 dabat
972 931 1098 970 aura
1135 917 1366 986 capillos

85 1003 339 1069 auctaque
378 1002 541 1054 forma
576 1001 703 1070 fuga
739 1003 834 1054 est.
910 1001 1001 1054 sed
1039 1001 1179 1054 enim
1215 1017 1319 1054 non
1356 1001 1580 1055 sustinet
1618 1001 1757 1055 ultra
2099 1011 2169 1052 530

85 1086 295 1155 perdere
332 1086 610 1140 blanditias
646 1086 847 1140 iuvenis
885 1086 1025 1155 deuS‚
1064 1087 1224 1154 utque
1262 1087 1507 1140 monebat

84 1173 195 1242 ipse
230 1174 404 1240 Amor,
442 1171 667 1224 admisso
704 1171 940 1238 sequitur
974 1171 1194 1238 vestigia
1229 1186 1402 1239 passu.

85 1259 147 1310 ut
183 1257 325 1310 oanis
360 1257 416 1309 in
452 1271 613 1310 vaouo
650 1256 877 1324 leporem
915 1270 1035 1309 oum
1074 1254 1307 1309 Gallicus
1346 1271 1465 1309 arvo

84 1341 228 1405 vidit,
265 1343 318 1394 et
352 1341 438 1394 hio
474 1340 720 1409 praedam
755 1340 973 1409 pedibus
1009 1341 1156 1409 petit,
1194 1340 1281 1393 ille
1319 1340 1542 1394 salutem

88 1426 237 1490 (alter
271 1426 546 1479 inhaesuro
584 1425 767 1479 similis
804 1426 911 1477 iam
948 1425 1157 1491 iamque
1193 1426 1369 1478 tenere
2099 1433 2171 1473 535

87 1512 261 1578 sperat
296 1512 349 1563 et
385 1511 591 1563 extento
628 1510 837 1577 stringit
872 1510 1091 1576 vestigia
1126 1509 1306 1573 rostro,

86 1595 218 1648 alter
251 1594 307 1647 in
344 1594 586 1662 ambiguo
623 1595 716 1658 est,
753 1608 820 1646 an
857 1591 930 1646 sit
965 1607 1295 1660 conprensuS,
1332 1592 1386 1644 et
1420 1590 1547 1659 ipsis

85 1680 343 1733 morsibus
381 1679 595 1747 eripitur
629 1677 999 1745 tangentiaque
1035 1691 1125 1730 ora
1158 1676 1453 1743 relinquit):

87 1764 163 1818 sio
198 1764 326 1818 deus
363 1765 415 1817 et
450 1763 591 1830 virgo
628 1763 709 1815 est
743 1762 829 1814 hio
866 1776 956 1830 spe
994 1761 1144 1824 celer,
1179 1761 1271 1813 illa
1307 1761 1505 1813 timore.

87 1849 176 1916 qui
212 1850 388 1901 tamen
423 1846 727 1914 insequitur,
765 1846 948 1914 pennis
986 1845 1195 1898 adiutus
1231 1844 1436 1898 Amoris
2102 1855 2172 1895 540

86 1933 222 1987 ooior
257 1933 338 1986 est
370 1932 706 1999 requiemque
742 1931 903 1998 negat
938 1931 1185 1998 tergoque
1223 1928 1422 1998 fugacis

85 2016 305 2070 inminet
342 2017 395 2070 et
431 2016 627 2070 crinem
663 2030 902 2085 sparsum
938 2015 1225 2068 cervicibus
1262 2015 1436 2068 adflat.

85 2102 280 2156 viribus
318 2101 608 2170 absumptis
645 2100 896 2170 expalluit
929 2101 1033 2165 illa,
1071 2100 1310 2168 citaeque

229 2259 309 2300 523
361 2259 560 2299 Isidorus
595 2259 658 2298 De
686 2259 794 2298 Rhet
821 2257 945 2309 (Oriq
959 2256 1030 2306 ΙΙ)
1049 2253 1203 2301 21,25
1232 2257 1340 2296 Rhet
1366 2257 1454 2295 Lat
1479 2256 1578 2295 Min
1601 2269 1635 2307 p
1653 2253 1750 2296 520
1778 2255 1933 2295 Halm:
1979 2253 2173 2294 Dolentis

87 2328 334 2380 [sententiae
372 2332 474 2368 sunt
511 2329 591 2379 sel,
635 2331 686 2368 ut
729 2323 863 2368 ‘Heu
906 2325 1036 2366 mihi
1081 2325 1135 2377 [ei
1171 2326 1279 2365 mihi
1307 2327 1603 2376 cBenedictob]
1641 2325 1780 2376 quod
1818 2325 1991 2366 nullis
2028 2336 2175 2365 amor

85 2402 163 2439 est
207 2398 471 2440 sanabilis
517 2393 732 2440 herbis'.
791 2399 926 2439 Halm
957 2399 1066 2438 male
1095 2398 1227 2448 refert
1255 2399 1351 2438 haec
1380 2399 1436 2438 ad
1465 2399 1537 2437 her
1559 2395 1698 2442 5149
1733 2408 1800 2436 me
1833 2395 2030 2436 miseram
2059 2395 2173 2447 quod

85 2481 204 2510 amor
231 2482 316 2510 non
346 2473 411 2510 est
439 2469 706 2510 medicabilis
734 2469 881 2510 herbis
932 2467 947 2521 ΙΙ
997 2469 1100 2510 Vino
1129 2469 1224 2509 Bell
1245 2469 1345 2519 Spec
1374 2469 1461 2509 hiet
1486 2470 1550 2509 VI
1559 2466 1667 2509 116:
1715 2467 1831 2507 Heu
1860 2466 2004 2517 mihi,
2035 2466 2174 2518 quod

85 2539 258 2581 nullis
286 2552 428 2580 amor
457 2544 541 2581 est
568 2540 918 2581 medicabilis
947 2532 1172 2580 herbis'.

221 2664 314 2710 522
333 2665 572 2710 herbarum
595 2666 704 2710 estl
729 2679 756 2720 ς
813 2664 829 2718 ΙΙ
883 2663 1017 2709 nobis
1037 2662 1244 2720 potentia
1269 2664 1401 2715 (corr)
1427 2663 1464 2705 h
1606 2661 1694 2707 523
1714 2661 1774 2714 (Η
1794 2661 1888 2704 add
1917 2674 1964 2704 m
1989 2660 2079 2711 2)ei
2105 2661 2178 2704 M

82 2735 170 2780 Hei
190 2750 218 2792 ς
245 2734 317 2781 Eu
346 2736 407 2780 N
429 2736 531 2781 Heu
560 2750 587 2792 ς
615 2734 727 2781 Vino
754 2734 914 2779 Bellov
946 2735 963 2791 u
997 2733 1162 2786 null(us
1192 2746 1253 2777 ex
1281 2731 1321 2776 is
1351 2746 1398 2776 m
1417 2731 1463 2784 2)
1494 2733 1532 2775 h
1559 2731 1575 2789 ss
1619 2730 1904 2777 medicabilis
1933 2743 1962 2774 e
1993 2746 2020 2787 ς
2059 2730 2171 2775 Vino

25 2858 30 2864 .
81 2804 191 2850 Bell
219 2805 302 2853 VA
470 2806 558 2851 525
586 2805 745 2863 rapido
790 2820 817 2862 ς
987 2804 1075 2849 526
1110 2802 1359 2861 inperfecta
1402 2802 1545 2847 uerba
1588 2803 1762 2859 (siquod
1811 2806 1940 2846 “co‘rr
1982 2816 2029 2845 m
2059 2801 2104 2853 3)
2153 2802 2173 2844 l

79 2889 165 2936 527
184 2890 312 2935 Tune
331 2905 359 2947 ς
386 2889 467 2936 VA
503 2890 519 2947 ΙΙ
556 2891 656 2935 uisa
675 2892 785 2935 estl
812 2891 828 2945 ΙΙ
857 2891 955 2934 uisa
974 2865 1226 2933 est²decens
1256 2900 1284 2932 e
1318 2887 1334 2945 ΙΙ
1378 2900 1569 2943 corpora
1596 2887 1616 2930 i
1645 2901 1671 2930 r
1699 2886 1760 2930 N
1867 2885 1954 2931 528
1983 2900 2056 2930 om
2089 2886 2124 2939 (i
2156 2884 2173 2930 l

82 2975 130 3004 m
147 2961 190 3015 2,
210 2962 229 3006 i
247 2975 324 3018 my
343 2975 391 3005 m
410 2960 460 3016 3)
498 2962 559 3005 N
601 2962 618 3016 n
666 2960 805 3005 festes
845 2974 872 3004 ε
1012 2959 1099 3004 529
1127 2959 1334 3015 impexos
1354 2973 1381 3014 ς
1410 2957 1564 3002 Burm
1583 2957 1717 3014 vulgo
1738 2957 1848 3001 olim
1991 2956 2079 3002 530
2108 2956 2172 3000 sie

84 3030 131 3074 0
165 3033 204 3076 h
242 3046 269 3087 ς
297 3031 471 3088 Regius
518 3033 534 3087 ΙΙ
583 3031 738 3077 Aucta
773 3031 851 3075 uia
893 3030 1022 3086 (fuga
1064 3031 1084 3074 i
1116 3043 1193 3086 my
1233 3030 1288 3083 l2)
1324 3028 1471 3073 forma
1510 3033 1580 3073 est
1623 3042 1650 3072 ε
1681 3029 1701 3071 l
1730 3040 1766 3083 9
1796 3042 1823 3084 ς
1867 3027 2023 3072 Aucta
2058 3026 2170 3083 fuga

80 3101 230 3147 forma
251 3107 320 3147 est
338 3103 393 3146 F
404 3114 432 3145 e
443 3113 489 3157 p
510 3116 536 3157 ς
559 3119 595 3143 ω
614 3101 745 3146 Jahn
769 3101 832 3145 A.
853 3100 941 3146 deo
961 3100 1147 3145 flamma
1167 3104 1236 3144 est
1254 3098 1514 3156 eeBerneyy
1534 3102 1579 3144 et
1597 3099 1696 3143 Par
1711 3098 1822 3144 8001
1936 3097 2017 3143 531
2042 3097 2169 3154 plan-

81 3171 280 3277 dieia3²e
320 3172 335 3226 ΙΙ
377 3171 594 3217 monebat
620 3171 1004 3270 smpgilegtego’2
1038 3171 1289 3213 ἀνέπειθεν
1317 3169 1452 3224 Plan,
1503 3169 1722 3215 mouebat
1770 3184 1797 3226 ς
1836 3168 1882 3214 R
1918 3169 1993 3213 Hs
2037 3168 2170 3224 vulyo

78 3283 167 3330 532
194 3284 362 3329 amisso
382 3285 455 3329 M
478 3284 692 3329 ammisso
712 3286 767 3329 F
788 3285 986 3330 admisso
1007 3296 1036 3327 e
1085 3285 1100 3338 ΙΙ
1141 3294 1267 3338 sequ.
1286 3294 1368 3337 per
1400 3281 1534 3326 deuia
1553 3295 1676 3327 unus
1695 3281 1884 3327 Heinsii
1966 3280 2054 3327 533
2083 3281 2168 3337 lep.

81 3365 220 3410 quom
240 3354 287 3400 R
313 3353 328 3411 ss
370 3354 521 3412 gallim
539 3355 560 3399 i
577 3369 603 3398 r
622 3369 669 3398 m
689 3355 790 3408 Dus
809 3355 870 3398 N
948 3353 1107 3409 535βὸ
1129 3352 1330 3408 parenth
1357 3365 1440 3408 pos
1469 3351 1617 3397 Bothe
1702 3351 1789 3398 535
1820 3351 2061 3396 inhaesuro
2082 3353 2170 3403 (est

77 3438 174 3470 seer
201 3439 248 3469 m
266 3425 313 3479 2)
342 3426 403 3469 N
538 3425 622 3471 537
652 3438 936 3482 compressus
965 3428 1082 3478 (corr
1112 3425 1175 3476 6²)
1206 3424 1266 3466 N
1290 3435 1318 3466 e
1354 3422 1690 3480 conprehensus
1720 3425 1758 3467 h
1788 3423 1820 3478 l,
1854 3421 2102 3478 deprensus
2141 3435 2168 3476 ς

79 3493 232 3540 Burm
260 3496 394 3552 vulgo
432 3495 542 3540 olim
590 3497 606 3550 Ιὶ
646 3501 693 3540 et
719 3496 819 3552 ipse
838 3497 899 3540 N
933 3501 978 3540 et
1006 3495 1096 3539 illis
1125 3497 1160 3547 (1
1188 3493 1301 3550 ipsis
1337 3506 1432 3537 eser
1469 3508 1516 3537 m
1545 3493 1591 3543 2)
1632 3505 1661 3537 e
1813 3491 1901 3538 538
1929 3490 2114 3547 reliquit
2143 3504 2170 3535 ε

78 3565 277 3611 oeDresd
305 3568 350 3611 et
369 3565 488 3611 Goth
629 3566 710 3611 541
743 3566 896 3622 fugaci
926 3564 1304 3622 cLanqermanni
1324 3563 1399 3607 Hs
1513 3563 1600 3608 542
1629 3563 1812 3620 crilnem
1845 3562 2028 3616 (crimen
2057 3561 2168 3618 fuit)

78 3637 270 3692 sparsim
300 3639 430 3689 (corr)
459 3636 532 3680 M
644 3636 731 3682 543
760 3636 981 3692 asumptis
1010 3638 1126 3685 (corr
1145 3649 1193 3678 m
1212 3634 1258 3687 2)
1292 3633 1496 3690 expaluit
1526 3635 1546 3678 l

165 3711 269 3748 Ovm
289 3712 451 3748 Mna-Au.
1801 3706 1825 3745 3
