2580 4088
0 90 11 133 1

0 0 76 278 J
861 208 995 254 Liber
1022 207 1121 253 xv.
1149 206 1244 253 fab.
1273 211 1456 252 47—51.
2087 202 2188 248 721

0 338 58 422 {j}
111 350 286 420 posset
321 349 655 414 circumdare,
692 352 954 418 portaque,
994 366 1094 419 qua
1131 351 1418 403 intraturus
1442 348 1642 414 fuisset,
1680 347 1900 413 insignis
1927 346 2093 412 gratia
2129 346 2190 397 ut

0 422 59 506 }ss
115 434 287 488 aeneis
331 434 627 487 cardinibus
672 437 948 502 aptaretur,
994 437 1048 488 in
1099 451 1201 503 qua
1252 436 1317 488 ad
1370 435 1675 488 memoriam
1723 433 2045 500 posterorum
2083 446 2192 483 cor-

53 554 58 558 -
114 520 304 572 nutum
340 519 497 586 caput
532 518 643 571 eius
681 520 1063 587 exsculperetur
1226 519 1411 576 Gravis
1448 517 1743 585 pestilentia
1780 517 2027 570 Romanis
2066 532 2186 568 cum
2206 520 2289 570 sab
2325 517 2390 560 50

46 603 48 606 ’
114 602 384 656 incidisset
419 603 474 655 et
510 604 736 655 maxima
772 604 1043 672 trepidatio
1079 606 1263 658 urbem
1300 606 1527 668 terreret,
1565 619 1655 671 per
1691 603 1889 669 legatos
1926 601 2192 654 oraculum

112 687 366 757 Apollinis
404 688 699 741 consultum
737 691 832 741 est.
895 705 956 742 ex
1001 705 1101 757 quo
1138 705 1458 758 responsum,
1504 690 1564 740 ut
1598 687 1898 754 Asclepium
1934 685 2192 752 Epidauro

115 771 449 834 accersirent;
503 773 913 841 nobilissimique
963 774 1123 841 legati
1167 791 1288 827 cum
1337 773 1673 826 simulacrum
1725 772 1807 824 dei
1859 772 2082 840 petitum
2127 771 2192 823 ad

4 909 14 920 ,
113 856 420 925 Epidaurios
463 856 612 910 missi
660 860 847 920 essent,
895 858 1223 926 stupentibus
1266 859 1605 911 admiratione
1650 857 1776 910 deus
1823 856 1878 908 in
1916 856 2192 909 draconem

4 963 44 1009 ζ,
113 956 294 995 versus
331 957 422 1010 per
456 943 688 995 medium
727 943 1047 1010 Epidaurum
1090 944 1268 1012 lapsus
1310 959 1496 996 navem
1540 943 1829 1010 legatorum
1866 940 2190 1002 conscendit;

3 1023 45 1095 ζεῖ
114 1041 236 1079 cum
274 1027 462 1094 quibus
498 1030 677 1080 vectus
702 1028 924 1080 Romam
962 1032 1022 1081 ut
1057 1028 1260 1082 delatus
1298 1031 1392 1093 est,
1431 1028 1658 1081 insulam
1685 1026 1889 1079 Tiberis
1924 1026 2190 1092 ingressus

3 1114 79 1200 3¹⁰
113 1114 194 1163 est
228 1111 403 1178 ibique
429 1127 483 1164 se
510 1113 745 1179 virgultis
771 1113 1011 1177 occuluit,
1050 1114 1139 1181 qui
1175 1114 1319 1166 locus
1346 1114 1594 1166 Draconis
1618 1114 1831 1165 vocatur
1974 1110 2188 1167 Ovidius
2208 1111 2291 1162 fab
2323 1108 2376 1151 51

2 1219 37 1266 5:
114 1211 264 1264 opere
300 1199 507 1265 peracto
545 1197 694 1250 docet
730 1213 784 1251 se
822 1214 853 1250 a
878 1198 1006 1251 chao
1042 1198 1354 1267 principium
1398 1199 1595 1267 cepisse
1634 1197 1775 1250 etad
1802 1195 2079 1251 Caesarem
2106 1194 2192 1248 de-

113 1281 335 1350 duxisse,
373 1297 528 1349 quem
567 1283 808 1349 gentibus
855 1283 992 1336 orbis
1039 1283 1252 1336 devictis
1291 1284 1468 1337 Venus
1513 1283 1578 1335 ab
1622 1282 1951 1335 inimicorum
1987 1280 2192 1333 insidiis

2 1363 42 1434 i
113 1365 318 1427 avertit3
369 1365 525 1433 inque
562 1367 729 1420 filium
774 1368 885 1420 eius
930 1369 1067 1435 quod
1114 1369 1435 1437 epigramma
1480 1369 1788 1436 conpeteret,
1835 1381 1866 1418 a
1902 1366 2051 1419 nobis
2088 1366 2192 1418 tale

112 1452 437 1518 conpositum
475 1455 571 1504 est.

255 1623 280 1665 1
313 1620 506 1676 insignis
534 1620 683 1676 gratia
712 1621 746 1673 (i
775 1635 796 1663 e
825 1623 879 1664 ut
914 1620 1107 1677 insigne,
1152 1634 1323 1664 cornua
1352 1633 1410 1675 sc,
1454 1620 1506 1663 in
1528 1622 1809 1675 perpetuum
1839 1621 2114 1670 servaretur)
2142 1619 2197 1661 P

110 1690 162 1734 L
191 1691 243 1743 V,
273 1691 320 1734 in
349 1691 469 1748 signi
498 1692 690 1747 gratiam
719 1690 888 1736 factum
918 1691 1054 1747 vulgo
1195 1690 1224 1734 2
1251 1691 1553 1747 posteriorum
1584 1691 1629 1737 V
1755 1690 1785 1734 3
1814 1690 2125 1745 exculperetur
2153 1689 2200 1735 V

110 1760 254 1818 vulyo,
286 1762 542 1820 exculperet
559 1763 622 1819 L,
654 1762 965 1807 excluderetur
992 1763 1045 1805 Ρ
1091 1763 1106 1818 11
1155 1762 1219 1807 Vt
1249 1761 1341 1818 (sie)
1374 1775 1455 1805 sua
1485 1760 1704 1805 fluminea
1735 1757 1794 1813 ‘lc
1821 1761 1937 1812 (565)
1967 1761 2058 1803 add
2088 1761 2140 1803 P

252 1833 281 1876 4
311 1833 422 1878 urbe
451 1834 496 1881 V
540 1835 555 1891 ΙΙ
604 1839 792 1879 terreret
819 1835 872 1878 Ρ
896 1834 947 1877 L
977 1834 1029 1889 V,
1075 1839 1250 1877 teneret
1278 1832 1409 1889 vulgo
1550 1833 1580 1876 ἴ)
1609 1831 1853 1888 appollinis
1889 1832 1940 1875 L
1990 1832 2005 1887 ΙΙ
2056 1830 2193 1875 ascle-

109 1902 236 1958 pium
266 1903 319 1947 P
343 1905 394 1948 L
424 1905 476 1958 V,
519 1905 844 1961 Aesculapium
874 1905 1008 1961 vulyo
1149 1904 1180 1948 6
1208 1904 1474 1948 accersirent
1510 1904 1564 1947 P
1588 1903 1638 1946 L
1669 1904 1719 1954 V,
1764 1907 2040 1946 accerserent
2075 1902 2192 1946 Rae-

109 1974 279 2029 nerius,
311 1981 586 2020 arcesserent
613 1976 746 2033 vulyo
796 1977 810 2032 ΙΙ
859 1976 1016 2021 nobile
1045 1977 1253 2032 suffiique
1280 1976 1334 2019 P
1464 1975 1488 2019 7
1519 1974 1777 2030 epidaurios
1805 1974 1868 2030 L,
1907 1972 2193 2029 epidaureos-

109 2045 172 2098 P,
217 2046 458 2101 epidauros
486 2047 532 2093 V
576 2047 591 2102 ΙΙ
640 2048 766 2091 1111881
797 2053 948 2092 essent
975 2049 1037 2101 P,
1082 2047 1314 2091 misissent
1354 2047 1405 2090 L
1435 2045 1487 2098 V,
1532 2046 1766 2089 venissent
1807 2058 1882 2100 my
1926 2044 1979 2086 ed
2015 2042 2191 2100 Micyll,

109 2115 304 2160 ivissent
331 2115 587 2162 Raenerius
615 2118 762 2175 vulyo‚
791 2118 988 2163 fuissent
1014 2118 1168 2162 Burm
1218 2118 1233 2173 ΙΙ
1283 2116 1548 2174 supentibus
1576 2117 1627 2159 L
1760 2115 1788 2160 8
1817 2114 2009 2159 mediam
2041 2114 2193 2158 Burm

79 2229 84 2235 .
109 2186 141 2231 9
167 2186 360 2232 insulam
387 2190 448 2242 P,
479 2189 627 2234 insula
654 2191 704 2233 L
734 2191 780 2236 V
831 2191 845 2246 ΙΙ
896 2190 1053 2234 tiberis
1082 2191 1145 2243 Ρ,
1184 2188 1357 2247 tyberis
1385 2189 1449 2240 L,
1477 2186 1703 2243 Thyberis
1732 2187 1778 2233 V
1914 2185 1971 2229 10
1999 2184 2194 2228 Pandite

109 2263 199 2301 nuc
226 2271 355 2303 muse
383 2260 500 2312 (622)
530 2255 592 2313 ‘lc'
622 2261 714 2304 add
742 2262 795 2304 P
1851 2313 1874 2347 d

1827 2323 1848 2347 8

253 2359 366 2414 llsq
395 2372 487 2416 per.
517 2368 625 2416 post
654 2360 788 2404 docet
815 2360 868 2402 P
906 2361 922 2412 ΙΙ
970 2372 1020 2403 se
1049 2372 1076 2402 a
1106 2358 1218 2403 chao
1251 2358 1392 2414 vulyo,
1423 2371 1472 2402 se
1501 2356 1667 2401 achaos
1696 2357 1759 2407 P,
1790 2369 1840 2400 se
1887 2354 2025 2399 chaos
2050 2356 2112 2400 L.
2143 2367 2193 2399 se

110 2441 139 2472 a
166 2427 304 2474 chaos
334 2430 380 2476 V
459 2429 574 2486 l2sq
603 2430 797 2475 devictis
816 2429 1317 2485 Venus-conpositum
1349 2432 1431 2480 est]
1462 2429 1526 2471 sie
1553 2428 1604 2471 L
1634 2428 1687 2480 V,
1719 2427 1776 2471 de
1806 2427 1938 2470 uictis
1966 2439 2112 2470 uenus
2133 2425 2191 2470 ab

109 2499 169 2542 in.
199 2501 281 2543 ins.
299 2513 351 2556 qr
367 2501 499 2552 (alias
518 2523 573 2537 =
596 2503 717 2557 quia)
749 2502 948 2557 origines
967 2500 1183 2544 averterit
1210 2500 1348 2555 inque
1367 2499 1513 2543 filium
1537 2495 1588 2543 ei’
1615 2499 1893 2554 epigramma
1908 2502 2192 2553 copeteret-

110 2570 396 2626 conpositum
428 2578 513 2622 (est
542 2578 631 2625 om)
660 2573 721 2627 P,
753 2571 946 2616 devictis
975 2571 1131 2616 Venus
1159 2576 1266 2627 post
1295 2583 1480 2614 suorum
1519 2569 1710 2613 insidias
1739 2568 1786 2611 in
1817 2573 2023 2612 cometen
2053 2567 2192 2611 vertit

109 2639 242 2696 vulgo
356 2641 414 2687 13
441 2642 639 2686 advertit
666 2643 716 2685 L
811 2644 867 2686 14
895 2642 1180 2698 conpositum
1204 2644 1285 2693 est]
1317 2640 1496 2684 Bachus
1518 2646 1563 2684 ct
1589 2639 1757 2684 alcides
1778 2651 1903 2682 cesar
1922 2652 1978 2690 ‘lc
2008 2639 2100 2682 add
2128 2639 2191 2693 P,

46 2744 54 2759 .-
109 2711 373 2767 Expliciunt
401 2712 582 2757 fabulae
613 2713 755 2758 ouidii
785 2738 792 2745 ·
832 2717 903 2757 affi
939 2737 947 2744 ·
982 2712 1090 2756 finis
1123 2737 1134 2744 -
1166 2712 1260 2756 add
1288 2713 1339 2755 L
1389 2713 1403 2767 n
1453 2711 1587 2755 habet
1626 2711 1907 2767 epiqramma
1944 2711 2062 2756 illud
2082 2713 2194 2767 post

108 2775 271 2840 fab'5I
300 2785 353 2828 in
383 2787 512 2828 textu
547 2784 766 2828 Ouidiano
799 2785 920 2841 (ante
952 2783 1037 2828 745
1063 2783 1147 2827 Hic
1174 2789 1326 2827 tamen
1356 2783 1544 2827 accessit
1571 2783 1635 2839 sq)
1668 2782 1738 2826 his
1766 2781 1910 2826 verbis
1948 2781 2005 2825 V:

956 2869 1260 2925 Epigramma.

450 2939 654 2984 Bacchus
684 2945 730 2984 et
758 2940 947 2985 Alcides
980 2940 1132 2984 Caesar
1163 2954 1244 2995 per
1273 2946 1404 2994 gesta
1435 2939 1624 2983 deorum

507 3012 703 3056 Nomina
734 3011 905 3056 habent
931 3011 1105 3056 iuncta:
1137 3011 1217 3056 sed
1247 3025 1330 3055 sua
1359 3010 1480 3055 facta
1508 3011 1668 3066 magis.

200 3739 300 3775 Ovm
322 3738 481 3773 Miz-rau.
1795 3732 1848 3772 46
