2580 4088
703 208 788 254 Ov.
818 209 998 256 Metam.
1026 209 1126 255 Lib.
1154 209 1281 265 XIV,
1310 224 1356 256 v.
1388 213 1622 254 246-291.
2096 213 2198 261 543

123 350 251 421 ipsa,
289 350 424 418 quod
462 351 558 404 hae
595 350 808 416 faciunt,
845 368 974 420 opus
1012 353 1184 421 exigit,
1218 353 1345 422 ipsa,
1383 352 1499 420 quis
1535 368 1662 406 usus

126 450 290 504 quove
327 434 395 488 sit
429 435 484 488 in
520 435 656 499 folio,
693 452 824 504 quae
863 438 932 490 sit
968 437 1242 491 concordia
1276 438 1466 503 mixtis,

122 519 265 573 novit
300 520 353 572 et
386 519 657 573 advertens
693 536 881 589 pensas
920 522 1180 575 examinat
1216 522 1418 576 herbas,
2132 533 2204 573 270

122 603 254 657 haec
287 603 379 656 ubi
415 619 509 657 nos
545 604 687 668 vidit,
725 605 865 658 dicta
902 609 1215 675 acceptaque
1254 607 1421 660 salute

125 687 329 741 diffudit
362 688 536 741 vultus
573 691 626 742 et
660 689 885 742 reddidit
922 691 1096 744 omina
1131 707 1270 744 voce.

124 788 221 827 nec
255 787 414 837 mora,
450 773 658 826 misceri
694 774 819 827 tosti
853 775 998 828 iubet
1033 776 1225 829 hordea
1262 775 1410 844 grani

127 857 387 925 mellaque
423 857 631 926 vimque
666 859 799 911 meri
835 875 955 912 cum
992 860 1127 913 lacte
1166 861 1385 928 coagula
1420 875 1587 929 passo,

127 942 318 1011 quique
356 943 452 995 sub
490 942 589 995 hac
625 943 824 997 lateant
859 943 1039 997 furtim
1077 945 1364 1009 dulcedine,
1400 960 1551 998 sucos
2136 957 2208 997 275

124 1027 297 1081 adicit.
369 1028 652 1096 accipimus
690 1044 837 1082 sacra
875 1029 997 1082 data
1031 1031 1218 1098 pocula
1254 1030 1446 1084 dextra.

126 1126 257 1182 quae
295 1112 452 1165 simul
488 1113 654 1165 arenti
692 1113 926 1166 sitientes
964 1114 1235 1167 hausimus
1273 1130 1358 1168 ore

127 1198 180 1250 et
214 1196 390 1264 tetigit
428 1213 660 1251 summos
697 1199 841 1266 virga
879 1199 974 1252 dea
1012 1200 1123 1252 dira
1160 1198 1388 1268 capilloS‚

127 1283 201 1346 (et
234 1282 395 1351 pudet
430 1284 484 1335 et
517 1282 739 1336 referam
755 1285 794 1349 l)
835 1285 991 1337 saetis
1027 1285 1320 1338 horrescere
1359 1284 1502 1353 coepi

125 1381 223 1420 nec
257 1366 364 1420 iam
399 1383 549 1435 posse
585 1368 742 1436 loqui,
778 1385 869 1437 pro
906 1370 1075 1423 verbis
1113 1370 1263 1422 edere
1300 1385 1518 1422 raucum
2138 1380 2210 1421 230

125 1466 363 1504 murmur
398 1455 452 1505 et
486 1453 542 1505 in
578 1455 771 1506 terram
808 1455 916 1507 toto
953 1455 1287 1522 procumbere
1323 1454 1472 1506 vultu

130 1551 288 1605 osque
324 1552 502 1590 meum
539 1538 678 1591 sensi
714 1538 883 1607 pando
920 1539 1256 1592 occallescere
1292 1540 1472 1602 rostro,

125 1621 258 1675 colla
294 1622 495 1675 tumere
532 1623 672 1685 toris,
709 1624 774 1687 et,
813 1638 915 1690 qua
951 1623 1104 1676 modo
1139 1623 1325 1691 pocula
1360 1623 1505 1691 parte

128 1707 339 1774 sumpta
373 1705 502 1759 mihi
539 1707 760 1774 fuerant,
794 1707 887 1760 illa
922 1707 1141 1775 vestigia
1177 1706 1290 1769 feci,

128 1806 353 1859 cumque
390 1791 571 1845 eadem
609 1793 774 1861 passis
812 1794 1037 1855 (tantum
1073 1791 1419 1846 medicamina
1455 1796 1675 1861 possunt
1687 1792 1718 1857 l)
2141 1801 2214 1843 285

131 1875 342 1928 claudor
376 1875 516 1940 hara,
553 1877 823 1944 solumque
861 1877 969 1929 suis
1008 1877 1235 1930 caruisse
1272 1877 1439 1944 figura

127 1959 352 2013 vidimus
388 1961 767 2029 Eurylochum:
807 1961 947 2014 solus
984 1961 1107 2014 data
1142 1962 1328 2030 pocula
1365 1960 1514 2029 fugit.

129 2060 261 2112 quae
296 2045 399 2098 nisi
434 2046 662 2110 vitasset,
697 2046 895 2115 pecoris
931 2062 1051 2115 pars
1088 2062 1194 2099 una
1229 2061 1498 2099 manerem

127 2144 268 2182 nunc
305 2145 505 2198 quoque
544 2131 796 2199 saetigeri,
834 2147 932 2185 nec
966 2133 1144 2185 tantae
1183 2131 1345 2184 cladis
1382 2132 1448 2184 ab
1486 2132 1574 2184 illo

128 2215 313 2267 certior
349 2215 414 2267 ad
452 2214 635 2269 Circen
672 2217 809 2268 ultor
845 2216 1071 2270 venisset
1106 2217 1302 2271 Ulixes.
2140 2226 2213 2267 290

129 2298 322 2367 pacifer
355 2299 478 2353 huic
515 2300 727 2354 dederat
761 2301 942 2354 florem
979 2301 1246 2369 Cyllenius
1284 2302 1478 2367 album,

266 2468 352 2513 268
380 2481 452 2512 om
480 2467 553 2511 M
588 2467 602 2522 ΙΙ
642 2466 742 2530 hege
761 2468 942 2523 partim
972 2470 1089 2520 eras)
1120 2467 1177 2510 F
1206 2468 1221 2523 ΙΙ
1265 2466 1377 2522 quid
1406 2480 1515 2511 usus
1545 2482 1572 2523 ς
1684 2466 1772 2512 269
1801 2465 1994 2523 Quoque
2020 2482 2063 2522 μ
2093 2468 2152 2511 e²
2185 2482 2212 2522 ς

123 2538 170 2584 R
186 2539 320 2595 vulyo
342 2538 463 2595 olim,
485 2538 660 2595 Quo(q:
690 2540 709 2582 i
728 2542 768 2590 r)
798 2539 859 2582 N
973 2538 1060 2583 270
1080 2543 1289 2582 auertens
1309 2538 1370 2581 N
1404 2538 1418 2593 ΙΙ
1459 2539 1640 2593 pensals
1660 2540 1710 2593 (n
1732 2538 1851 2593 eras)
1872 2537 1938 2592 N,
1969 2550 2156 2594 prensas
2184 2554 2212 2594 ς

126 2636 310 2688 2721307
341 2652 414 2681 om
441 2639 508 2683 M
623 2637 710 2682 272
738 2637 891 2682 omina
920 2650 1036 2681 uoce
1061 2636 1130 2692 (ef
1142 2637 1338 2680 Hermes
1365 2636 1591 2680 XXXIX
1614 2637 1684 2688 60)
1715 2637 1775 2680 N
1798 2652 1826 2693 ς
1863 2639 1878 2691 ΙΙ
1922 2611 2043 2681 orn-13.
2063 2639 2155 2689 (sed
2185 2652 2212 2682 a

123 2708 145 2752 i
170 2722 197 2752 r
224 2722 272 2752 m
299 2708 344 2762 2)
364 2721 478 2753 uoce
497 2710 562 2764 N,
602 2707 756 2752 omnia
786 2707 955 2761 (omina
982 2721 1085 2752 corr
1115 2707 1209 2760 ΕΞ)
1244 2708 1368 2751 uocis
1397 2708 1540 2759 (nocis
1563 2708 1625 2761 V)
1658 2707 1715 2751 F
1752 2707 1793 2760 V,
1828 2707 1981 2752 omina
2015 2709 2144 2753 uocis
2170 2724 2211 2764 μ

54 2797 67 2827 ,¹
123 2779 163 2823 h
189 2779 247 2822 <32
274 2792 312 2835 9
340 2779 400 2832 R,
431 2782 589 2836 φωνὰς
619 2782 790 2821 αἰσίους
817 2778 955 2830 Plan,
986 2781 1140 2823 omnia
1161 2778 1282 2822 uotis
1312 2792 1339 2833 ς
1367 2777 1411 2820 A
1440 2778 1515 2821 Hs
1540 2778 1674 2834 vulyo
1705 2777 1828 2831 olim,
1860 2778 2014 2822 omina
2032 2780 2155 2824 uotis
2185 2795 2212 2835 ς

121 2848 522 2905 Baumq-O'rusius
634 2849 720 2894 274
748 2848 972 2905 Mellaque
998 2850 1154 2893 iuncta
1183 2862 1307 2893 mero
1337 2848 1478 2893 cVoss
1512 2851 1527 2902 ΙΙ
1564 2849 1675 2893 meri
1713 2853 1760 2892 et
1787 2862 1888 2893 cum
1918 2863 1945 2905 ς
1974 2850 2049 2893 Hs
2077 2851 2211 2907 vulyo

123 2919 231 2963 olim
266 2920 281 2975 ΙΙ
317 2920 518 2976 coag(ui
534 2934 561 2964 r
579 2935 627 2963 m
645 2919 736 2972 2)la
763 2919 825 2963 N
904 2919 990 2965 276
1016 2919 1220 2963 Addidit
1251 2934 1278 2975 ς
1314 2919 1328 2974 ΙΙ
1365 2919 1604 2974 arripimus
1631 2919 1706 2963 Hs
1791 2919 1875 2964 277
1906 2920 2142 2966 scicientes
2169 2937 2211 2977 μ

123 2988 209 3034 278
237 2989 370 3046 virga
398 3002 599 3034 summos
627 2990 671 3033 A
712 2991 727 3046 ΙΙ
768 2989 871 3043 de(a
899 2989 948 3034 di
977 2990 998 3033 i
1024 3004 1050 3034 r
1078 3005 1126 3034 m
1154 2990 1250 3043 2)ra
1278 2990 1347 3042 N,
1381 2989 1467 3033 dea
1496 3002 1634 3034 saeua
1663 3004 1690 3046 ς
1833 2989 1920 3035 279
1947 2997 1999 3036 ut
2027 2992 2208 3048 pudeat,

122 3059 312 3104 referam
343 3061 412 3104 vel
439 3059 527 3105 heu
557 3060 711 3117 pudet,
742 3066 790 3104 at
818 3060 899 3105 ref.
928 3060 1076 3105 Bothe
1245 3060 1332 3104 280
1374 3059 1500 3116 loqui
1529 3060 1603 3104 Μ
1624 3075 1666 3115 μ
1695 3061 1745 3106 32
1780 3074 1808 3116 ς
1838 3059 1959 3105 Plan
1988 3061 2035 3106 R
2062 3063 2209 3119 vulyo,

123 3130 249 3186 queri
269 3133 302 3184 (ἕ
320 3130 446 3187 loqui
466 3145 560 3175 sser
577 3134 634 3184 n)
649 3131 710 3175 N
721 3131 776 3174 F
793 3133 831 3175 h
851 3146 878 3187 ς
914 3130 988 3175 VA
1011 3132 1024 3186 ΙΙ
1046 3131 1235 3176 reddere
1256 3130 1572 3188 (cf-Simmo‘ns
1591 3129 1647 3173 ed
1660 3143 1692 3185 p
1709 3129 1898 3186 XXXI)
1911 3131 2098 3177 cCanon
2116 3132 2216 3178 VII

10 3173 11 3206 ἶ
69 3205 75 3209 “
122 3199 207 3245 281
235 3200 284 3244 in
313 3206 430 3246 terra
459 3203 498 3245 h
526 3215 555 3258 ς
593 3206 607 3257 ΙΙ
640 3214 787 3258 prono
817 3215 938 3257 proc.
968 3201 1042 3246 Hs
1156 3201 1243 3246 282
1271 3200 1424 3257 pando
1454 3200 1542 3245 hoc
1572 3200 1807 3246 callescere
1834 3202 1889 3245 N
1919 3203 1933 3258 ΙΙ
1975 3202 2210 3248 durescere

123 3270 190 3315 vel
209 3284 492 3316 concrescere
511 3272 578 3316 vel
597 3272 832 3317 callescere
862 3272 927 3316 vel
959 3272 1210 3316 coalescere
1240 3286 1267 3327 ς
1408 3270 1494 3316 284
1522 3269 1608 3326 figi
1642 3271 1711 3315 vel
1744 3270 1852 3316 ferri
1887 3273 1954 3317 vel
1987 3273 2113 3318 flecti
2135 3275 2209 3318 Hs

123 3381 211 3428 286
252 3382 449 3428 Claudor
483 3383 593 3428 hara
622 3384 862 3440 solumque
891 3387 986 3428 suis
1015 3397 1051 3428 c.
1085 3384 1141 3427 F
1165 3386 1202 3428 h
1233 3398 1260 3439 ς
1288 3383 1363 3428 Hs
1392 3383 1539 3440 υτιῐρο,
1573 3340 2018 3440 ῥῖὸἓιῖἳεοὶιιιιιᾳιιθ
2047 3385 2142 3430 suis
2172 3399 2206 3430 c.

123 3467 178 3509 μ,
208 3452 273 3498 01.
303 3453 350 3497 in
379 3452 488 3498 hara
516 3455 610 3498 suis
638 3454 782 3499 solum
815 3468 852 3498 c.
881 3455 941 3508 R,
973 3454 1037 3500 Cl.
1067 3455 1115 3498 in
1145 3460 1276 3498 antra
1305 3455 1398 3498 suis
1428 3454 1574 3498 solum
1606 3467 1643 3498 c.
1673 3454 1767 3506 (sed
1796 3459 1897 3498 ntra
1927 3455 2022 3499 suis
2051 3456 2071 3499 z'
2098 3470 2123 3499 r
2152 3462 2208 3508 n)

123 3523 186 3567 N
208 3523 264 3567 3²
292 3537 320 3579 ς
361 3522 442 3567 VA
571 3525 654 3569 287
692 3524 937 3570 eurieolum
967 3527 1027 3575 F,
1057 3525 1302 3569 eurilocum
1335 3539 1362 3580 ς
1411 3525 1425 3579 ΙΙ
1466 3524 1630 3580 pocula
1659 3525 1778 3568 vitat
1806 3525 1881 3568 Hs
2013 3525 2100 3571 288
2128 3539 2210 3582 par

125 3595 256 3646 (corr)
284 3607 376 3638 una
401 3609 444 3649 μ
483 3594 498 3650 ΙΙ
538 3608 764 3640 manerem
794 3610 850 3638 ex
885 3594 1078 3640 Gruteri
1104 3596 1358 3640 coniectura
1386 3595 1538 3639 Burm
1567 3595 1716 3652 vulyo,
1745 3594 1909 3640 fuisset
1938 3611 1976 3652 ς,
2007 3603 2209 3642 maneret

127 3662 179 3706 A
209 3681 246 3704 ω
374 3663 464 3709 289
492 3664 541 3709 ni
571 3669 703 3718 (corr)
734 3671 889 3710 tantae
917 3667 972 3710 N
1083 3665 1170 3710 290
1198 3669 1378 3724 cyrcem
1403 3678 1464 3709 ex
1482 3668 1544 3718 m)
1574 3666 1630 3710 3²
1671 3666 1685 3721 ΙΙ
1726 3665 1845 3710 ultro
1875 3667 1919 3710 1?
