<?xml version="1.0" encoding="UTF-8"?>
<!DOCTYPE html PUBLIC "-//W3C//DTD XHTML 1.0 Transitional//EN"
    "http://www.w3.org/TR/xhtml1/DTD/xhtml1-transitional.dtd">
<html xmlns="http://www.w3.org/1999/xhtml" xml:lang="en" lang="en">
 <head>
  <title>
</title>
<meta http-equiv="Content-Type" content="text/html;charset=utf-8" />
  <meta name='ocr-system' content='tesseract 3.04.00' />
  <meta name='ocr-capabilities' content='ocr_page ocr_carea ocr_par ocr_line ocrx_word'/>
</head>
<body>
  <div class='ocr_page' id='page_1' title='image "./metamorphoseonli00oviduoft/metamorphoseonli00oviduoft_0751.png"; bbox 0 0 2580 4088; ppageno 0'>
   <div class='ocr_carea' id='block_1_1' title="bbox 47 1102 95 1146">
    <p class='ocr_par' dir='ltr' id='par_1_1' title="bbox 47 1102 95 1146">
     <span class='ocr_line' id='line_1_1' title="bbox 47 1102 95 1146; baseline -0.042 0"><span class='ocrx_word' id='word_1_1' title='bbox 47 1102 95 1146; x_wconf 85' lang='lat'>10</span> 
     </span>
    </p>
   </div>
   <div class='ocr_carea' id='block_1_2' title="bbox 48 1525 94 1568">
    <p class='ocr_par' dir='ltr' id='par_1_2' title="bbox 48 1525 94 1568">
     <span class='ocr_line' id='line_1_2' title="bbox 48 1525 94 1568; baseline 0 0"><span class='ocrx_word' id='word_1_2' title='bbox 48 1525 94 1568; x_wconf 86' lang='lat'>15</span> 
     </span>
    </p>
   </div>
   <div class='ocr_carea' id='block_1_3' title="bbox 46 1950 95 1992">
    <p class='ocr_par' dir='ltr' id='par_1_3' title="bbox 46 1950 95 1992">
     <span class='ocr_line' id='line_1_3' title="bbox 46 1950 95 1992; baseline 0 0"><span class='ocrx_word' id='word_1_3' title='bbox 46 1950 95 1992; x_wconf 85' lang='lat'>20</span> 
     </span>
    </p>
   </div>
   <div class='ocr_carea' id='block_1_4' title="bbox 1037 188 2214 243">
    <p class='ocr_par' dir='ltr' id='par_1_4' title="bbox 1037 188 2214 243">
     <span class='ocr_line' id='line_1_4' title="bbox 1037 188 2214 243; baseline 0.008 -10"><span class='ocrx_word' id='word_1_4' title='bbox 1037 188 1177 235; x_wconf 87' lang='lat' dir='ltr'>Liber</span> <span class='ocrx_word' id='word_1_5' title='bbox 1203 190 1302 236; x_wconf 87' lang='lat' dir='ltr'>XV.</span> <span class='ocrx_word' id='word_1_6' title='bbox 2107 195 2134 242; x_wconf 83' lang='lat'>7</span> <span class='ocrx_word' id='word_1_7' title='bbox 2145 195 2169 241; x_wconf 91' lang='lat' dir='ltr'>l</span> <span class='ocrx_word' id='word_1_8' title='bbox 2180 195 2214 243; x_wconf 85' lang='lat'><strong>3</strong></span> 
     </span>
    </p>
   </div>
   <div class='ocr_carea' id='block_1_5' title="bbox 127 329 1695 1162">
    <p class='ocr_par' dir='ltr' id='par_1_5' title="bbox 127 329 1439 398">
     <span class='ocr_line' id='line_1_5' title="bbox 127 329 1439 398; baseline 0.002 -14"><span class='ocrx_word' id='word_1_9' title='bbox 127 333 195 384; x_wconf 83' lang='lat'>23</span> <span class='ocrx_word' id='word_1_10' title='bbox 232 332 383 398; x_wconf 85' lang='lat' dir='ltr'><strong>Aqua</strong></span> <span class='ocrx_word' id='word_1_11' title='bbox 419 331 475 383; x_wconf 92' lang='lat' dir='ltr'>in</span> <span class='ocrx_word' id='word_1_12' title='bbox 511 330 638 382; x_wconf 90' lang='lat' dir='ltr'>urbe</span> <span class='ocrx_word' id='word_1_13' title='bbox 675 329 887 384; x_wconf 90' lang='lat' dir='ltr'>Phenea</span> <span class='ocrx_word' id='word_1_14' title='bbox 924 332 980 384; x_wconf 93' lang='lat' dir='ltr'>in</span> <span class='ocrx_word' id='word_1_15' title='bbox 1017 332 1185 386; x_wconf 86' lang='lat' dir='ltr'>varias</span> <span class='ocrx_word' id='word_1_16' title='bbox 1220 331 1439 386; x_wconf 83' lang='lat' dir='ltr'>vertitur</span> 
     </span>
    </p>

    <p class='ocr_par' dir='ltr' id='par_1_6' title="bbox 128 414 1695 569">
     <span class='ocr_line' id='line_1_6' title="bbox 128 414 1695 486; baseline 0.003 -18"><span class='ocrx_word' id='word_1_17' title='bbox 128 417 197 468; x_wconf 88' lang='lat'>24</span> <span class='ocrx_word' id='word_1_18' title='bbox 235 414 608 484; x_wconf 81' lang='lat' dir='ltr'>Symplegades</span> <span class='ocrx_word' id='word_1_19' title='bbox 646 417 825 468; x_wconf 87' lang='lat' dir='ltr'>cautes</span> <span class='ocrx_word' id='word_1_20' title='bbox 861 416 918 468; x_wconf 91' lang='lat' dir='ltr'>in</span> <span class='ocrx_word' id='word_1_21' title='bbox 955 416 1122 470; x_wconf 89' lang='lat' dir='ltr'>Ponto</span> <span class='ocrx_word' id='word_1_22' title='bbox 1158 417 1212 469; x_wconf 92' lang='lat' dir='ltr'>in</span> <span class='ocrx_word' id='word_1_23' title='bbox 1248 422 1421 486; x_wconf 85' lang='lat' dir='ltr'>petras</span> <span class='ocrx_word' id='word_1_24' title='bbox 1458 419 1695 472; x_wconf 89' lang='lat' dir='ltr'>redactas</span> 
     </span>
     <span class='ocr_line' id='line_1_7' title="bbox 131 498 1171 569; baseline 0.003 -17"><span class='ocrx_word' id='word_1_25' title='bbox 131 502 198 554; x_wconf 86' lang='lat'>25</span> <span class='ocrx_word' id='word_1_26' title='bbox 234 501 418 564; x_wconf 86' lang='lat' dir='ltr'>Aetna,</span> <span class='ocrx_word' id='word_1_27' title='bbox 453 514 604 552; x_wconf 91' lang='lat' dir='ltr'>mons</span> <span class='ocrx_word' id='word_1_28' title='bbox 643 498 865 562; x_wconf 80' lang='lat' dir='ltr'><strong>Siciliae,</strong></span> <span class='ocrx_word' id='word_1_29' title='bbox 902 500 955 553; x_wconf 91' lang='lat' dir='ltr'>in</span> <span class='ocrx_word' id='word_1_30' title='bbox 995 502 1171 569; x_wconf 85' lang='lat' dir='ltr'>ignem</span> 
     </span>
    </p>

    <p class='ocr_par' dir='ltr' id='par_1_7' title="bbox 130 583 1519 642">
     <span class='ocr_line' id='line_1_8' title="bbox 130 583 1519 642; baseline 0.001 -2"><span class='ocrx_word' id='word_1_31' title='bbox 130 589 198 640; x_wconf 86' lang='lat'>26</span> <span class='ocrx_word' id='word_1_32' title='bbox 234 584 298 638; x_wconf 92' lang='lat' dir='ltr'>In</span> <span class='ocrx_word' id='word_1_33' title='bbox 337 584 527 638; x_wconf 91' lang='lat' dir='ltr'>Palene</span> <span class='ocrx_word' id='word_1_34' title='bbox 564 584 692 637; x_wconf 90' lang='lat' dir='ltr'>urbe</span> <span class='ocrx_word' id='word_1_35' title='bbox 726 583 1024 640; x_wconf 85' lang='lat' dir='ltr'>Tritonides</span> <span class='ocrx_word' id='word_1_36' title='bbox 1062 602 1092 639; x_wconf 90' lang='lat' dir='ltr'>a</span> <span class='ocrx_word' id='word_1_37' title='bbox 1128 588 1274 640; x_wconf 91' lang='lat' dir='ltr'>tactu</span> <span class='ocrx_word' id='word_1_38' title='bbox 1307 587 1362 640; x_wconf 89' lang='lat' dir='ltr'>in</span> <span class='ocrx_word' id='word_1_39' title='bbox 1400 603 1519 642; x_wconf 88' lang='lat' dir='ltr'>aves</span> 
     </span>
    </p>

    <p class='ocr_par' dir='ltr' id='par_1_8' title="bbox 129 667 1590 738">
     <span class='ocr_line' id='line_1_9' title="bbox 129 667 1590 738; baseline 0.003 -16"><span class='ocrx_word' id='word_1_40' title='bbox 129 673 194 722; x_wconf 86' lang='lat'>27</span> <span class='ocrx_word' id='word_1_41' title='bbox 235 669 510 738; x_wconf 79' lang='lat' dir='ltr'>Scythides</span> <span class='ocrx_word' id='word_1_42' title='bbox 546 667 772 722; x_wconf 86' lang='lat' dir='ltr'>feminae</span> <span class='ocrx_word' id='word_1_43' title='bbox 810 684 842 722; x_wconf 89' lang='lat' dir='ltr'>a</span> <span class='ocrx_word' id='word_1_44' title='bbox 878 671 1023 723; x_wconf 82' lang='lat' dir='ltr'>tactu</span> <span class='ocrx_word' id='word_1_45' title='bbox 1059 671 1368 726; x_wconf 80' lang='lat' dir='ltr'>immutatae</span> <span class='ocrx_word' id='word_1_46' title='bbox 1405 674 1590 727; x_wconf 82' lang='lat' dir='ltr'>veneni</span> 
     </span>
    </p>

    <p class='ocr_par' dir='ltr' id='par_1_9' title="bbox 131 753 1004 820">
     <span class='ocr_line' id='line_1_10' title="bbox 131 753 1004 820; baseline -0.001 -12"><span class='ocrx_word' id='word_1_47' title='bbox 131 756 198 808; x_wconf 89' lang='grc'>28</span> <span class='ocrx_word' id='word_1_48' title='bbox 231 753 308 807; x_wconf 85' lang='lat' dir='ltr'>Ex</span> <span class='ocrx_word' id='word_1_49' title='bbox 343 753 520 807; x_wconf 87' lang='lat' dir='ltr'>vitulis</span> <span class='ocrx_word' id='word_1_50' title='bbox 558 768 679 820; x_wconf 92' lang='lat' dir='ltr'>apes</span> <span class='ocrx_word' id='word_1_51' title='bbox 716 757 1004 807; x_wconf 87' lang='lat' dir='ltr'>nascuntur</span> 
     </span>
    </p>

    <p class='ocr_par' dir='ltr' id='par_1_10' title="bbox 131 838 794 907">
     <span class='ocr_line' id='line_1_11' title="bbox 131 838 794 907; baseline -0.006 -13"><span class='ocrx_word' id='word_1_52' title='bbox 131 842 198 894; x_wconf 88' lang='grc'>29</span> <span class='ocrx_word' id='word_1_53' title='bbox 235 839 314 891; x_wconf 80' lang='lat' dir='ltr'>Ex</span> <span class='ocrx_word' id='word_1_54' title='bbox 349 853 481 907; x_wconf 90' lang='lat' dir='ltr'>equo</span> <span class='ocrx_word' id='word_1_55' title='bbox 518 838 794 891; x_wconf 80' lang='lat' dir='ltr'>crabrones</span> 
     </span>
    </p>

    <p class='ocr_par' dir='ltr' id='par_1_11' title="bbox 132 923 824 991">
     <span class='ocr_line' id='line_1_12' title="bbox 132 923 824 991; baseline -0.003 -13"><span class='ocrx_word' id='word_1_56' title='bbox 132 927 199 978; x_wconf 88' lang='lat'>30</span> <span class='ocrx_word' id='word_1_57' title='bbox 236 923 315 976; x_wconf 84' lang='lat' dir='ltr'>Ex</span> <span class='ocrx_word' id='word_1_58' title='bbox 350 937 535 976; x_wconf 91' lang='lat' dir='ltr'>cancro</span> <span class='ocrx_word' id='word_1_59' title='bbox 572 923 824 991; x_wconf 88' lang='lat' dir='ltr'>scorpius·</span> 
     </span>
    </p>

    <p class='ocr_par' dir='ltr' id='par_1_12' title="bbox 133 1003 1164 1078">
     <span class='ocr_line' id='line_1_13' title="bbox 133 1003 1164 1078; baseline -0.001 -14"><span class='ocrx_word' id='word_1_60' title='bbox 133 1013 195 1064; x_wconf 90' lang='lat'>31</span> <span class='ocrx_word' id='word_1_61' title='bbox 237 1008 315 1061; x_wconf 84' lang='lat' dir='ltr'>Ex</span> <span class='ocrx_word' id='word_1_62' title='bbox 350 1003 508 1060; x_wconf 90' lang='lat' dir='ltr'>tineis</span> <span class='ocrx_word' id='word_1_63' title='bbox 546 1008 841 1074; x_wconf 79' lang='lat' dir='ltr'>agrestibus</span> <span class='ocrx_word' id='word_1_64' title='bbox 878 1010 1164 1078; x_wconf 86' lang='lat' dir='ltr'>papiliones</span> 
     </span>
    </p>

    <p class='ocr_par' dir='ltr' id='par_1_13' title="bbox 132 1093 1067 1162">
     <span class='ocr_line' id='line_1_14' title="bbox 132 1093 1067 1162; baseline -0.001 -15"><span class='ocrx_word' id='word_1_65' title='bbox 132 1095 199 1147; x_wconf 90' lang='grc'>32</span> <span class='ocrx_word' id='word_1_66' title='bbox 236 1093 415 1146; x_wconf 88' lang='lat' dir='ltr'>Ranae</span> <span class='ocrx_word' id='word_1_67' title='bbox 453 1109 515 1146; x_wconf 84' lang='lat' dir='ltr'>ex</span> <span class='ocrx_word' id='word_1_68' title='bbox 549 1094 675 1146; x_wconf 92' lang='lat' dir='ltr'>limo</span> <span class='ocrx_word' id='word_1_69' title='bbox 711 1094 1067 1162; x_wconf 85' lang='lat' dir='ltr'>producuntur</span> 
     </span>
    </p>
   </div>
   <div class='ocr_carea' id='block_1_6' title="bbox 18 1169 2069 1250">
    <p class='ocr_par' dir='ltr' id='par_1_14' title="bbox 18 1169 2069 1250">
     <span class='ocr_line' id='line_1_15' title="bbox 18 1169 2069 1250; baseline 0.002 -18"><span class='ocrx_word' id='word_1_70' title='bbox 18 1169 50 1237; x_wconf 70' lang='grc'>’,</span> <span class='ocrx_word' id='word_1_71' title='bbox 132 1180 199 1233; x_wconf 87' lang='grc'>33</span> <span class='ocrx_word' id='word_1_72' title='bbox 236 1178 315 1231; x_wconf 85' lang='lat' dir='ltr'>Ex</span> <span class='ocrx_word' id='word_1_73' title='bbox 351 1193 504 1231; x_wconf 89' lang='lat' dir='ltr'>carne</span> <span class='ocrx_word' id='word_1_74' title='bbox 539 1193 691 1231; x_wconf 87' lang='lat' dir='ltr'>ursae</span> <span class='ocrx_word' id='word_1_75' title='bbox 729 1178 929 1246; x_wconf 88' lang='lat' dir='ltr'>effigies</span> <span class='ocrx_word' id='word_1_76' title='bbox 967 1180 1077 1232; x_wconf 91' lang='lat' dir='ltr'>eius</span> <span class='ocrx_word' id='word_1_77' title='bbox 1116 1182 1341 1249; x_wconf 86' lang='lat' dir='ltr'>apparet,</span> <span class='ocrx_word' id='word_1_78' title='bbox 1378 1184 1557 1250; x_wconf 85' lang='lat' dir='ltr'>postea</span> <span class='ocrx_word' id='word_1_79' title='bbox 1592 1183 1870 1238; x_wconf 86' lang='lat' dir='ltr'>lambendo</span> <span class='ocrx_word' id='word_1_80' title='bbox 1908 1183 2069 1238; x_wconf 87' lang='lat' dir='ltr'>efficit</span> 
     </span>
    </p>
   </div>
   <div class='ocr_carea' id='block_1_7' title="bbox 130 1263 2225 2350">
    <p class='ocr_par' dir='ltr' id='par_1_15' title="bbox 132 1263 1670 1334">
     <span class='ocr_line' id='line_1_16' title="bbox 132 1263 1670 1334; baseline 0.004 -18"><span class='ocrx_word' id='word_1_81' title='bbox 132 1267 199 1317; x_wconf 84' lang='lat'>34</span> <span class='ocrx_word' id='word_1_82' title='bbox 235 1263 365 1331; x_wconf 86' lang='lat' dir='ltr'>Apis</span> <span class='ocrx_word' id='word_1_83' title='bbox 402 1263 553 1316; x_wconf 90' lang='lat' dir='ltr'>initio</span> <span class='ocrx_word' id='word_1_84' title='bbox 589 1263 795 1328; x_wconf 86' lang='lat' dir='ltr'>vermis,</span> <span class='ocrx_word' id='word_1_85' title='bbox 832 1265 948 1332; x_wconf 90' lang='lat' dir='ltr'>post</span> <span class='ocrx_word' id='word_1_86' title='bbox 983 1264 1038 1316; x_wconf 92' lang='lat' dir='ltr'>in</span> <span class='ocrx_word' id='word_1_87' title='bbox 1076 1280 1226 1318; x_wconf 87' lang='lat' dir='ltr'>suam</span> <span class='ocrx_word' id='word_1_88' title='bbox 1263 1267 1491 1334; x_wconf 90' lang='lat' dir='ltr'>speciem</span> <span class='ocrx_word' id='word_1_89' title='bbox 1528 1269 1670 1322; x_wconf 86' lang='lat' dir='ltr'>venit</span> 
     </span>
    </p>

    <p class='ocr_par' dir='ltr' id='par_1_16' title="bbox 132 1347 1117 1417">
     <span class='ocr_line' id='line_1_17' title="bbox 132 1347 1117 1417; baseline 0 -16"><span class='ocrx_word' id='word_1_90' title='bbox 132 1351 199 1402; x_wconf 89' lang='lat'>35</span> <span class='ocrx_word' id='word_1_91' title='bbox 235 1349 372 1401; x_wconf 87' lang='lat' dir='ltr'>Aves</span> <span class='ocrx_word' id='word_1_92' title='bbox 409 1363 471 1400; x_wconf 87' lang='lat' dir='ltr'>ex</span> <span class='ocrx_word' id='word_1_93' title='bbox 507 1347 589 1401; x_wconf 85' lang='lat' dir='ltr'>ovi</span> <span class='ocrx_word' id='word_1_94' title='bbox 624 1348 800 1401; x_wconf 89' lang='lat' dir='ltr'>vitello</span> <span class='ocrx_word' id='word_1_95' title='bbox 837 1348 1117 1417; x_wconf 90' lang='lat' dir='ltr'>prodentur</span> 
     </span>
    </p>

    <p class='ocr_par' dir='ltr' id='par_1_17' title="bbox 131 1432 1403 1500">
     <span class='ocr_line' id='line_1_18' title="bbox 131 1432 1403 1500; baseline 0.001 -13"><span class='ocrx_word' id='word_1_96' title='bbox 131 1437 199 1488; x_wconf 87' lang='grc'>36</span> <span class='ocrx_word' id='word_1_97' title='bbox 238 1433 316 1485; x_wconf 87' lang='lat' dir='ltr'>Ex</span> <span class='ocrx_word' id='word_1_98' title='bbox 349 1433 580 1486; x_wconf 83' lang='lat' dir='ltr'>medulla</span> <span class='ocrx_word' id='word_1_99' title='bbox 615 1432 847 1486; x_wconf 87' lang='lat' dir='ltr'>humana</span> <span class='ocrx_word' id='word_1_100' title='bbox 883 1448 1080 1500; x_wconf 88' lang='lat' dir='ltr'>angues</span> <span class='ocrx_word' id='word_1_101' title='bbox 1116 1437 1403 1488; x_wconf 90' lang='lat' dir='ltr'>nascuntur</span> 
     </span>
    </p>

    <p class='ocr_par' dir='ltr' id='par_1_18' title="bbox 133 1517 1570 1588">
     <span class='ocr_line' id='line_1_19' title="bbox 133 1517 1570 1588; baseline 0.002 -17"><span class='ocrx_word' id='word_1_102' title='bbox 133 1521 198 1572; x_wconf 90' lang='grc'>37</span> <span class='ocrx_word' id='word_1_103' title='bbox 238 1517 470 1570; x_wconf 87' lang='lat' dir='ltr'>Phoenix</span> <span class='ocrx_word' id='word_1_104' title='bbox 508 1517 618 1570; x_wconf 89' lang='lat' dir='ltr'>avis</span> <span class='ocrx_word' id='word_1_105' title='bbox 656 1532 718 1571; x_wconf 82' lang='lat' dir='ltr'>ex</span> <span class='ocrx_word' id='word_1_106' title='bbox 754 1517 899 1571; x_wconf 90' lang='lat' dir='ltr'>sanie</span> <span class='ocrx_word' id='word_1_107' title='bbox 938 1534 1033 1570; x_wconf 85' lang='lat' dir='ltr'>sua</span> <span class='ocrx_word' id='word_1_108' title='bbox 1070 1518 1227 1572; x_wconf 88' lang='lat' dir='ltr'>aliam</span> <span class='ocrx_word' id='word_1_109' title='bbox 1262 1523 1570 1588; x_wconf 90' lang='lat' dir='ltr'>progenerat</span> 
     </span>
    </p>

    <p class='ocr_par' dir='ltr' id='par_1_19' title="bbox 133 1601 1130 1673">
     <span class='ocr_line' id='line_1_20' title="bbox 133 1601 1130 1673; baseline 0 -17"><span class='ocrx_word' id='word_1_110' title='bbox 133 1606 199 1657; x_wconf 88' lang='lat'>38</span> <span class='ocrx_word' id='word_1_111' title='bbox 237 1602 462 1673; x_wconf 88' lang='lat' dir='ltr'>Hyaena</span> <span class='ocrx_word' id='word_1_112' title='bbox 495 1601 606 1656; x_wconf 89' lang='lat' dir='ltr'>fera</span> <span class='ocrx_word' id='word_1_113' title='bbox 639 1602 695 1654; x_wconf 91' lang='lat' dir='ltr'>in</span> <span class='ocrx_word' id='word_1_114' title='bbox 731 1603 900 1655; x_wconf 86' lang='lat' dir='ltr'>varias</span> <span class='ocrx_word' id='word_1_115' title='bbox 938 1601 1130 1670; x_wconf 86' lang='lat' dir='ltr'>figuras</span> 
     </span>
    </p>

    <p class='ocr_par' dir='ltr' id='par_1_20' title="bbox 133 1685 1186 1754">
     <span class='ocr_line' id='line_1_21' title="bbox 133 1685 1186 1754; baseline -0.001 -12"><span class='ocrx_word' id='word_1_116' title='bbox 133 1691 201 1742; x_wconf 85' lang='lat'>39</span> <span class='ocrx_word' id='word_1_117' title='bbox 237 1687 451 1740; x_wconf 90' lang='lat' dir='ltr'>Animal</span> <span class='ocrx_word' id='word_1_118' title='bbox 485 1687 653 1740; x_wconf 86' lang='lat' dir='ltr'>ventis</span> <span class='ocrx_word' id='word_1_119' title='bbox 689 1687 745 1739; x_wconf 89' lang='lat' dir='ltr'>in</span> <span class='ocrx_word' id='word_1_120' title='bbox 780 1687 950 1740; x_wconf 86' lang='lat' dir='ltr'>varias</span> <span class='ocrx_word' id='word_1_121' title='bbox 988 1685 1186 1754; x_wconf 91' lang='lat' dir='ltr'>species</span> 
     </span>
    </p>

    <p class='ocr_par' dir='ltr' id='par_1_21' title="bbox 133 1770 1294 1842">
     <span class='ocr_line' id='line_1_22' title="bbox 133 1770 1294 1842; baseline 0.002 -18"><span class='ocrx_word' id='word_1_122' title='bbox 133 1777 201 1826; x_wconf 86' lang='lat'>40</span> <span class='ocrx_word' id='word_1_123' title='bbox 237 1770 441 1840; x_wconf 90' lang='lat' dir='ltr'>Lynces</span> <span class='ocrx_word' id='word_1_124' title='bbox 477 1771 652 1825; x_wconf 91' lang='lat' dir='ltr'>Liberi</span> <span class='ocrx_word' id='word_1_125' title='bbox 688 1787 749 1825; x_wconf 89' lang='lat' dir='ltr'>ex</span> <span class='ocrx_word' id='word_1_126' title='bbox 784 1773 935 1825; x_wconf 87' lang='lat' dir='ltr'>urina</span> <span class='ocrx_word' id='word_1_127' title='bbox 969 1773 1025 1825; x_wconf 90' lang='lat' dir='ltr'>in</span> <span class='ocrx_word' id='word_1_128' title='bbox 1063 1773 1294 1842; x_wconf 87' lang='lat' dir='ltr'>lapidem</span> 
     </span>
    </p>

    <p class='ocr_par' dir='ltr' id='par_1_22' title="bbox 132 1856 1764 1926">
     <span class='ocr_line' id='line_1_23' title="bbox 132 1856 1764 1926; baseline 0.002 -15"><span class='ocrx_word' id='word_1_129' title='bbox 132 1862 198 1911; x_wconf 89' lang='lat'>41</span> <span class='ocrx_word' id='word_1_130' title='bbox 239 1856 504 1912; x_wconf 85' lang='lat' dir='ltr'>Coralium</span> <span class='ocrx_word' id='word_1_131' title='bbox 539 1858 671 1926; x_wconf 90' lang='lat' dir='ltr'>lapis</span> <span class='ocrx_word' id='word_1_132' title='bbox 708 1858 806 1911; x_wconf 89' lang='lat' dir='ltr'>sub</span> <span class='ocrx_word' id='word_1_133' title='bbox 845 1873 980 1926; x_wconf 86' lang='lat' dir='ltr'>aqua</span> <span class='ocrx_word' id='word_1_134' title='bbox 1015 1859 1188 1912; x_wconf 92' lang='lat' dir='ltr'>mollis</span> <span class='ocrx_word' id='word_1_135' title='bbox 1226 1862 1319 1924; x_wconf 88' lang='lat' dir='ltr'>est,</span> <span class='ocrx_word' id='word_1_136' title='bbox 1356 1860 1499 1913; x_wconf 88' lang='lat' dir='ltr'>extra</span> <span class='ocrx_word' id='word_1_137' title='bbox 1536 1859 1764 1914; x_wconf 90' lang='lat' dir='ltr'>durescit</span> 
     </span>
    </p>

    <p class='ocr_par' dir='ltr' id='par_1_23' title="bbox 130 1942 1021 2011">
     <span class='ocr_line' id='line_1_24' title="bbox 130 1942 1021 2011; baseline 0.002 -16"><span class='ocrx_word' id='word_1_138' title='bbox 130 1946 198 1995; x_wconf 84' lang='lat'>42</span> <span class='ocrx_word' id='word_1_139' title='bbox 239 1942 488 1996; x_wconf 85' lang='lat' dir='ltr'>Gentium</span> <span class='ocrx_word' id='word_1_140' title='bbox 526 1942 724 2011; x_wconf 91' lang='lat' dir='ltr'>species</span> <span class='ocrx_word' id='word_1_141' title='bbox 761 1943 815 1995; x_wconf 92' lang='lat' dir='ltr'>in</span> <span class='ocrx_word' id='word_1_142' title='bbox 852 1943 1021 1997; x_wconf 83' lang='lat' dir='ltr'>varias</span> 
     </span>
    </p>

    <p class='ocr_par' dir='ltr' id='par_1_24' title="bbox 132 2027 986 2097">
     <span class='ocr_line' id='line_1_25' title="bbox 132 2027 986 2097; baseline 0.001 -17"><span class='ocrx_word' id='word_1_143' title='bbox 132 2032 198 2082; x_wconf 88' lang='grc'>43</span> <span class='ocrx_word' id='word_1_144' title='bbox 237 2027 414 2081; x_wconf 89' lang='lat' dir='ltr'>Numa</span> <span class='ocrx_word' id='word_1_145' title='bbox 447 2027 734 2097; x_wconf 89' lang='lat' dir='ltr'>Pompilius</span> <span class='ocrx_word' id='word_1_146' title='bbox 771 2029 828 2081; x_wconf 90' lang='lat' dir='ltr'>in</span> <span class='ocrx_word' id='word_1_147' title='bbox 866 2043 986 2082; x_wconf 86' lang='lat' dir='ltr'>aera</span> 
     </span>
    </p>

    <p class='ocr_par' dir='ltr' id='par_1_25' title="bbox 131 2111 2225 2265">
     <span class='ocr_line' id='line_1_26' title="bbox 131 2111 2225 2181; baseline 0.001 -15"><span class='ocrx_word' id='word_1_148' title='bbox 131 2117 201 2166; x_wconf 88' lang='lat'>44</span> <span class='ocrx_word' id='word_1_149' title='bbox 236 2113 426 2180; x_wconf 87' lang='lat' dir='ltr'>Egeria</span> <span class='ocrx_word' id='word_1_150' title='bbox 467 2114 585 2181; x_wconf 90' lang='lat' dir='ltr'>post</span> <span class='ocrx_word' id='word_1_151' title='bbox 629 2114 852 2167; x_wconf 91' lang='lat' dir='ltr'>mortem</span> <span class='ocrx_word' id='word_1_152' title='bbox 894 2114 1071 2167; x_wconf 89' lang='lat' dir='ltr'>mariti</span> <span class='ocrx_word' id='word_1_153' title='bbox 1106 2114 1311 2167; x_wconf 86' lang='lat' dir='ltr'>Numae</span> <span class='ocrx_word' id='word_1_154' title='bbox 1363 2114 1419 2167; x_wconf 88' lang='lat' dir='ltr'>in</span> <span class='ocrx_word' id='word_1_155' title='bbox 1467 2114 1657 2168; x_wconf 85' lang='lat' dir='ltr'>vallem</span> <span class='ocrx_word' id='word_1_156' title='bbox 1695 2111 1962 2168; x_wconf 78' lang='lat' dir='ltr'>Aricinam</span> <span class='ocrx_word' id='word_1_157' title='bbox 2009 2131 2064 2169; x_wconf 90' lang='lat' dir='ltr'>se</span> <span class='ocrx_word' id='word_1_158' title='bbox 2102 2132 2225 2169; x_wconf 88' lang='lat' dir='ltr'>con·</span> 
     </span>
     <span class='ocr_line' id='line_1_27' title="bbox 238 2198 579 2265; baseline 0.006 -16"><span class='ocrx_word' id='word_1_159' title='bbox 238 2198 361 2250; x_wconf 87' lang='lat' dir='ltr'>tulit</span> <span class='ocrx_word' id='word_1_160' title='bbox 395 2198 579 2265; x_wconf 89' lang='lat' dir='ltr'>lugens</span> 
     </span>
    </p>

    <p class='ocr_par' dir='ltr' id='par_1_26' title="bbox 133 2281 1116 2350">
     <span class='ocr_line' id='line_1_28' title="bbox 133 2281 1116 2350; baseline 0.001 -15"><span class='ocrx_word' id='word_1_161' title='bbox 133 2285 201 2335; x_wconf 88' lang='lat'>45</span> <span class='ocrx_word' id='word_1_162' title='bbox 237 2281 553 2350; x_wconf 83' lang='lat' dir='ltr'>Hippolytus</span> <span class='ocrx_word' id='word_1_163' title='bbox 590 2282 646 2334; x_wconf 91' lang='lat' dir='ltr'>in</span> <span class='ocrx_word' id='word_1_164' title='bbox 685 2283 841 2336; x_wconf 91' lang='lat' dir='ltr'>deum</span> <span class='ocrx_word' id='word_1_165' title='bbox 875 2284 1116 2336; x_wconf 89' lang='lat' dir='ltr'>Virbium</span> 
     </span>
    </p>
   </div>
   <div class='ocr_carea' id='block_1_8' title="bbox 131 2373 2223 2721">
    <p class='ocr_par' dir='ltr' id='par_1_27' title="bbox 131 2373 2223 2721">
     <span class='ocr_line' id='line_1_29' title="bbox 274 2373 2221 2441; baseline 0 -14"><span class='ocrx_word' id='word_1_166' title='bbox 274 2384 302 2427; x_wconf 92' lang='lat'>1</span> <span class='ocrx_word' id='word_1_167' title='bbox 329 2381 487 2439; x_wconf 86' lang='lat' dir='ltr'>phinia</span> <span class='ocrx_word' id='word_1_168' title='bbox 504 2382 571 2438; x_wconf 97' lang='lat' dir='ltr'>L,</span> <span class='ocrx_word' id='word_1_169' title='bbox 601 2381 775 2426; x_wconf 88' lang='lat' dir='ltr'>Phinea</span> <span class='ocrx_word' id='word_1_170' title='bbox 795 2382 842 2428; x_wconf 93' lang='lat' dir='ltr'><strong><em>V</em></strong></span> <span class='ocrx_word' id='word_1_171' title='bbox 867 2382 881 2437; x_wconf 93' lang='grc' dir='ltr'>ΙΙ</span> <span class='ocrx_word' id='word_1_172' title='bbox 910 2382 1054 2437; x_wconf 86' lang='lat' dir='ltr'>Aqua</span> <span class='ocrx_word' id='word_1_173' title='bbox 1071 2380 1196 2425; x_wconf 88' lang='lat' dir='ltr'>lacus</span> <span class='ocrx_word' id='word_1_174' title='bbox 1215 2379 1386 2425; x_wconf 90' lang='lat' dir='ltr'>Phenei</span> <span class='ocrx_word' id='word_1_175' title='bbox 1407 2384 1542 2424; x_wconf 89' lang='lat' dir='ltr'>nocte</span> <span class='ocrx_word' id='word_1_176' title='bbox 1560 2379 1619 2424; x_wconf 81' lang='lat' dir='ltr'>fit</span> <span class='ocrx_word' id='word_1_177' title='bbox 1635 2381 1774 2426; x_wconf 83' lang='lat' dir='ltr'>noxia</span> <span class='ocrx_word' id='word_1_178' title='bbox 1793 2381 1926 2439; x_wconf 64' lang='lat' dir='ltr'>vulgo</span> <span class='ocrx_word' id='word_1_179' title='bbox 2040 2382 2069 2426; x_wconf 98' lang='grc'><strong>2</strong></span> <span class='ocrx_word' id='word_1_180' title='bbox 2090 2373 2221 2441; x_wconf 86' lang='lat' dir='ltr'>Sym-</span> 
     </span>
     <span class='ocr_line' id='line_1_30' title="bbox 131 2451 2222 2509; baseline 0.001 -13"><span class='ocrx_word' id='word_1_181' title='bbox 131 2451 365 2509; x_wconf 85' lang='lat' dir='ltr'>phegades</span> <span class='ocrx_word' id='word_1_182' title='bbox 392 2453 456 2505; x_wconf 94' lang='lat' dir='ltr'>L,</span> <span class='ocrx_word' id='word_1_183' title='bbox 502 2452 802 2509; x_wconf 87' lang='lat' dir='ltr'>Sinplegades</span> <span class='ocrx_word' id='word_1_184' title='bbox 831 2452 878 2500; x_wconf 92' lang='lat' dir='ltr'><strong><em>V</em></strong></span> <span class='ocrx_word' id='word_1_185' title='bbox 921 2453 936 2508; x_wconf 87' lang='grc' dir='ltr'>ΙΙ</span> <span class='ocrx_word' id='word_1_186' title='bbox 985 2452 1035 2495; x_wconf 85' lang='lat' dir='ltr'>in</span> <span class='ocrx_word' id='word_1_187' title='bbox 1062 2456 1206 2508; x_wconf 89' lang='lat' dir='ltr'>ponto</span> <span class='ocrx_word' id='word_1_188' title='bbox 1236 2451 1289 2507; x_wconf 93' lang='lat' dir='ltr'>V,</span> <span class='ocrx_word' id='word_1_189' title='bbox 1319 2451 1526 2507; x_wconf 90' lang='lat' dir='ltr'>imponto</span> <span class='ocrx_word' id='word_1_190' title='bbox 1556 2451 1621 2505; x_wconf 93' lang='lat' dir='ltr'>L,</span> <span class='ocrx_word' id='word_1_191' title='bbox 1663 2465 1737 2496; x_wconf 87' lang='lat' dir='ltr'>om</span> <span class='ocrx_word' id='word_1_192' title='bbox 1766 2452 1898 2509; x_wconf 68' lang='lat' dir='ltr'>vulgo</span> <span class='ocrx_word' id='word_1_193' title='bbox 1946 2453 1963 2509; x_wconf 81' lang='lat' dir='ltr'>fl</span> <span class='ocrx_word' id='word_1_194' title='bbox 2012 2453 2222 2499; x_wconf 86' lang='lat' dir='ltr'>redactas</span> 
     </span>
     <span class='ocr_line' id='line_1_31' title="bbox 131 2521 2220 2582; baseline 0 -14"><span class='ocrx_word' id='word_1_195' title='bbox 131 2524 183 2568; x_wconf 94' lang='lat' dir='ltr'><strong><em>L</em></strong></span> <span class='ocrx_word' id='word_1_196' title='bbox 211 2524 267 2578; x_wconf 91' lang='lat' dir='ltr'>V,</span> <span class='ocrx_word' id='word_1_197' title='bbox 303 2523 512 2568; x_wconf 86' lang='lat' dir='ltr'>redactae</span> <span class='ocrx_word' id='word_1_198' title='bbox 539 2523 676 2579; x_wconf 63' lang='lat' dir='ltr'>vulgo</span> <span class='ocrx_word' id='word_1_199' title='bbox 818 2524 848 2567; x_wconf 74' lang='lat'>4</span> <span class='ocrx_word' id='word_1_200' title='bbox 878 2522 943 2566; x_wconf 92' lang='lat' dir='ltr'>Im</span> <span class='ocrx_word' id='word_1_201' title='bbox 973 2522 1136 2578; x_wconf 87' lang='lat' dir='ltr'>palena</span> <span class='ocrx_word' id='word_1_202' title='bbox 1163 2523 1228 2576; x_wconf 94' lang='lat' dir='ltr'>L,</span> <span class='ocrx_word' id='word_1_203' title='bbox 1264 2522 1320 2566; x_wconf 92' lang='lat' dir='ltr'>In</span> <span class='ocrx_word' id='word_1_204' title='bbox 1348 2521 1517 2566; x_wconf 85' lang='lat' dir='ltr'>Palena</span> <span class='ocrx_word' id='word_1_205' title='bbox 1547 2522 1594 2569; x_wconf 94' lang='lat' dir='ltr'><strong><em>V</em></strong></span> <span class='ocrx_word' id='word_1_206' title='bbox 1637 2522 1652 2577; x_wconf 89' lang='grc' dir='ltr'>ΙΙ</span> <span class='ocrx_word' id='word_1_207' title='bbox 1697 2522 1937 2567; x_wconf 87' lang='lat' dir='ltr'>tritonides</span> <span class='ocrx_word' id='word_1_208' title='bbox 1964 2524 2015 2567; x_wconf 94' lang='lat' dir='ltr'><strong><em>L</em></strong></span> <span class='ocrx_word' id='word_1_209' title='bbox 2044 2525 2098 2580; x_wconf 91' lang='lat' dir='ltr'>V,</span> <span class='ocrx_word' id='word_1_210' title='bbox 2156 2526 2220 2582; x_wconf 83' lang='lat' dir='ltr'>fe-</span> 
     </span>
     <span class='ocr_line' id='line_1_32' title="bbox 133 2591 2222 2650; baseline 0.001 -12"><span class='ocrx_word' id='word_1_211' title='bbox 133 2594 286 2638; x_wconf 82' lang='lat' dir='ltr'>min-ae</span> <span class='ocrx_word' id='word_1_212' title='bbox 313 2608 359 2639; x_wconf 87' lang='grc' dir='ltr'>εσ</span> <span class='ocrx_word' id='word_1_213' title='bbox 379 2594 394 2650; x_wconf 85' lang='grc' dir='ltr'>ΙΙ</span> <span class='ocrx_word' id='word_1_214' title='bbox 422 2593 542 2638; x_wconf 83' lang='lat' dir='ltr'>male</span> <span class='ocrx_word' id='word_1_215' title='bbox 569 2594 899 2649; x_wconf 75' lang='lat' dir='ltr'>interpretatus</span> <span class='ocrx_word' id='word_1_216' title='bbox 927 2596 995 2638; x_wconf 79' lang='lat' dir='ltr'>est</span> <span class='ocrx_word' id='word_1_217' title='bbox 1022 2596 1176 2638; x_wconf 76' lang='lat' dir='ltr'>noster</span> <span class='ocrx_word' id='word_1_218' title='bbox 1195 2595 1287 2637; x_wconf 72' lang='lat' dir='ltr'>‘met</span> <span class='ocrx_word' id='word_1_219' title='bbox 1303 2591 1354 2635; x_wconf 88' lang='grc' dir='ltr'>Χ</span> <span class='ocrx_word' id='word_1_220' title='bbox 1361 2591 1402 2638; x_wconf 91' lang='lat' dir='ltr'><strong><em>V</em></strong></span> <span class='ocrx_word' id='word_1_221' title='bbox 1415 2592 1513 2647; x_wconf 81' lang='lat'><strong><em>358,</em></strong></span> <span class='ocrx_word' id='word_1_222' title='bbox 1544 2592 1599 2648; x_wconf 79' lang='lat' dir='ltr'>ef</span> <span class='ocrx_word' id='word_1_223' title='bbox 1620 2593 1680 2637; x_wconf 81' lang='lat' dir='ltr'>ad</span> <span class='ocrx_word' id='word_1_224' title='bbox 1707 2607 1738 2649; x_wconf 83' lang='lat' dir='ltr'>p</span> <span class='ocrx_word' id='word_1_225' title='bbox 1762 2593 1856 2650; x_wconf 86' lang='grc'><strong>718,</strong></span> <span class='ocrx_word' id='word_1_226' title='bbox 1874 2593 1936 2649; x_wconf 67' lang='lat'>21}</span> <span class='ocrx_word' id='word_1_227' title='bbox 1960 2593 2014 2638; x_wconf 92' lang='lat' dir='ltr'>In</span> <span class='ocrx_word' id='word_1_228' title='bbox 2035 2594 2222 2641; x_wconf 86' lang='lat' dir='ltr'>Pallene</span> 
     </span>
     <span class='ocr_line' id='line_1_33' title="bbox 133 2663 2223 2721; baseline 0 -11"><span class='ocrx_word' id='word_1_229' title='bbox 133 2664 247 2710; x_wconf 88' lang='lat' dir='ltr'>urbe</span> <span class='ocrx_word' id='word_1_230' title='bbox 283 2664 571 2710; x_wconf 83' lang='lat' dir='ltr'>Tritoniacae</span> <span class='ocrx_word' id='word_1_231' title='bbox 606 2663 788 2720; x_wconf 87' lang='lat' dir='ltr'>paludis</span> <span class='ocrx_word' id='word_1_232' title='bbox 825 2669 996 2709; x_wconf 86' lang='lat' dir='ltr'>attactu</span> <span class='ocrx_word' id='word_1_233' title='bbox 1026 2669 1266 2709; x_wconf 88' lang='lat' dir='ltr'>vertuntur</span> <span class='ocrx_word' id='word_1_234' title='bbox 1293 2663 1502 2708; x_wconf 91' lang='lat' dir='ltr'>homines</span> <span class='ocrx_word' id='word_1_235' title='bbox 1531 2664 1579 2707; x_wconf 89' lang='lat' dir='ltr'>in</span> <span class='ocrx_word' id='word_1_236' title='bbox 1613 2663 1823 2708; x_wconf 89' lang='lat' dir='ltr'>volucres</span> <span class='ocrx_word' id='word_1_237' title='bbox 1853 2665 1984 2721; x_wconf 67' lang='lat' dir='ltr'>vulgo</span> <span class='ocrx_word' id='word_1_238' title='bbox 2100 2666 2130 2710; x_wconf 79' lang='lat'>5</span> <span class='ocrx_word' id='word_1_239' title='bbox 2157 2666 2223 2710; x_wconf 99' lang='grc' dir='ltr'>εἰσ</span> 
     </span>
    </p>
   </div>
   <div class='ocr_carea' id='block_1_9' title="bbox 56 2733 2222 2791">
    <p class='ocr_par' dir='ltr' id='par_1_28' title="bbox 56 2733 2222 2791">
     <span class='ocr_line' id='line_1_34' title="bbox 56 2733 2222 2791; baseline 0 -11"><span class='ocrx_word' id='word_1_240' title='bbox 56 2752 64 2767; x_wconf 70' lang='lat'>³</span> <span class='ocrx_word' id='word_1_241' title='bbox 131 2737 184 2780; x_wconf 91' lang='lat' dir='ltr'><strong><em>L</em></strong></span> <span class='ocrx_word' id='word_1_242' title='bbox 212 2736 266 2791; x_wconf 91' lang='lat' dir='ltr'>V,</span> <span class='ocrx_word' id='word_1_243' title='bbox 297 2735 367 2781; x_wconf 87' lang='lat' dir='ltr'>Sc.</span> <span class='ocrx_word' id='word_1_244' title='bbox 397 2734 504 2780; x_wconf 88' lang='lat' dir='ltr'>fem.</span> <span class='ocrx_word' id='word_1_245' title='bbox 535 2740 706 2780; x_wconf 87' lang='lat' dir='ltr'>attactu</span> <span class='ocrx_word' id='word_1_246' title='bbox 737 2735 902 2779; x_wconf 89' lang='lat' dir='ltr'>veneni</span> <span class='ocrx_word' id='word_1_247' title='bbox 931 2735 979 2779; x_wconf 92' lang='lat' dir='ltr'>in</span> <span class='ocrx_word' id='word_1_248' title='bbox 1008 2748 1120 2780; x_wconf 85' lang='lat' dir='ltr'>aves</span> <span class='ocrx_word' id='word_1_249' title='bbox 1148 2740 1381 2779; x_wconf 88' lang='lat' dir='ltr'>mutantur</span> <span class='ocrx_word' id='word_1_250' title='bbox 1408 2734 1542 2791; x_wconf 75' lang='lat' dir='ltr'>vul90</span> <span class='ocrx_word' id='word_1_251' title='bbox 1656 2734 1685 2779; x_wconf 86' lang='grc'>8</span> <span class='ocrx_word' id='word_1_252' title='bbox 1714 2733 1989 2779; x_wconf 88' lang='lat' dir='ltr'>schabrones</span> <span class='ocrx_word' id='word_1_253' title='bbox 2017 2736 2081 2790; x_wconf 92' lang='lat' dir='ltr'>L,</span> <span class='ocrx_word' id='word_1_254' title='bbox 2120 2736 2222 2780; x_wconf 85' lang='lat' dir='ltr'>Sca-</span> 
     </span>
    </p>
   </div>
   <div class='ocr_carea' id='block_1_10' title="bbox 132 2805 2222 3005">
    <p class='ocr_par' dir='ltr' id='par_1_29' title="bbox 132 2805 2222 3005">
     <span class='ocr_line' id='line_1_35' title="bbox 133 2805 2220 2864; baseline 0 -15"><span class='ocrx_word' id='word_1_255' title='bbox 133 2805 302 2851; x_wconf 86' lang='lat' dir='ltr'>brones</span> <span class='ocrx_word' id='word_1_256' title='bbox 330 2807 378 2853; x_wconf 90' lang='lat' dir='ltr'><strong><em>V</em></strong></span> <span class='ocrx_word' id='word_1_257' title='bbox 511 2806 541 2851; x_wconf 80' lang='lat'><strong>9</strong></span> <span class='ocrx_word' id='word_1_258' title='bbox 568 2806 632 2850; x_wconf 87' lang='grc' dir='ltr'>εἰσ</span> <span class='ocrx_word' id='word_1_259' title='bbox 659 2807 710 2849; x_wconf 94' lang='lat' dir='ltr'><strong><em>L</em></strong></span> <span class='ocrx_word' id='word_1_260' title='bbox 739 2806 793 2860; x_wconf 91' lang='lat' dir='ltr'>V,</span> <span class='ocrx_word' id='word_1_261' title='bbox 831 2805 1089 2864; x_wconf 89' lang='lat' dir='ltr'>Bombyees</span> <span class='ocrx_word' id='word_1_262' title='bbox 1118 2805 1166 2849; x_wconf 91' lang='lat' dir='ltr'>in</span> <span class='ocrx_word' id='word_1_263' title='bbox 1196 2805 1448 2862; x_wconf 86' lang='lat' dir='ltr'>papiliones</span> <span class='ocrx_word' id='word_1_264' title='bbox 1486 2805 1617 2862; x_wconf 73' lang='lat' dir='ltr'>vulyo</span> <span class='ocrx_word' id='word_1_265' title='bbox 1731 2805 1791 2850; x_wconf 91' lang='lat'>10</span> <span class='ocrx_word' id='word_1_266' title='bbox 1817 2805 2130 2861; x_wconf 88' lang='lat' dir='ltr'>producuntur</span> <span class='ocrx_word' id='word_1_267' title='bbox 2155 2806 2220 2860; x_wconf 93' lang='lat' dir='ltr'>L,</span> 
     </span>
     <span class='ocr_line' id='line_1_36' title="bbox 132 2875 2222 2934; baseline 0 -14"><span class='ocrx_word' id='word_1_268' title='bbox 132 2876 389 2934; x_wconf 85' lang='lat' dir='ltr'>produntur</span> <span class='ocrx_word' id='word_1_269' title='bbox 416 2877 468 2932; x_wconf 91' lang='lat' dir='ltr'>V,</span> <span class='ocrx_word' id='word_1_270' title='bbox 501 2890 573 2921; x_wconf 86' lang='lat' dir='ltr'>om</span> <span class='ocrx_word' id='word_1_271' title='bbox 602 2876 736 2934; x_wconf 76' lang='lat' dir='ltr'>vulyo</span> <span class='ocrx_word' id='word_1_272' title='bbox 850 2878 906 2921; x_wconf 88' lang='lat'>11</span> <span class='ocrx_word' id='word_1_273' title='bbox 935 2878 999 2921; x_wconf 88' lang='grc' dir='ltr'>εἰσ</span> <span class='ocrx_word' id='word_1_274' title='bbox 1025 2877 1076 2920; x_wconf 92' lang='lat' dir='ltr'><strong><em>L</em></strong></span> <span class='ocrx_word' id='word_1_275' title='bbox 1097 2877 1149 2932; x_wconf 93' lang='lat' dir='ltr'>V,</span> <span class='ocrx_word' id='word_1_276' title='bbox 1180 2877 1297 2921; x_wconf 79' lang='lat' dir='ltr'>Ursa</span> <span class='ocrx_word' id='word_1_277' title='bbox 1324 2875 1570 2921; x_wconf 87' lang='lat' dir='ltr'>lambendo</span> <span class='ocrx_word' id='word_1_278' title='bbox 1598 2875 1791 2932; x_wconf 85' lang='lat' dir='ltr'>fingitur</span> <span class='ocrx_word' id='word_1_279' title='bbox 1819 2888 1876 2920; x_wconf 84' lang='lat' dir='ltr'>ex</span> <span class='ocrx_word' id='word_1_280' title='bbox 1894 2875 2042 2920; x_wconf 86' lang='lat' dir='ltr'>frusto</span> <span class='ocrx_word' id='word_1_281' title='bbox 2073 2877 2222 2921; x_wconf 86' lang='lat' dir='ltr'>carnis</span> 
     </span>
     <span class='ocr_line' id='line_1_37' title="bbox 133 2946 2222 3005; baseline -0 -13"><span class='ocrx_word' id='word_1_282' title='bbox 133 2948 268 3005; x_wconf 67' lang='lat' dir='ltr'>vulgo</span> <span class='ocrx_word' id='word_1_283' title='bbox 317 2947 333 3003; x_wconf 87' lang='grc' dir='ltr'>ΙΙ</span> <span class='ocrx_word' id='word_1_284' title='bbox 382 2946 558 2992; x_wconf 82' lang='lat' dir='ltr'>efficies</span> <span class='ocrx_word' id='word_1_285' title='bbox 585 2949 635 2992; x_wconf 97' lang='lat' dir='ltr'><strong><em>L</em></strong></span> <span class='ocrx_word' id='word_1_286' title='bbox 749 2947 807 2992; x_wconf 91' lang='grc'>12</span> <span class='ocrx_word' id='word_1_287' title='bbox 834 2948 951 3004; x_wconf 89' lang='lat' dir='ltr'>Apis</span> <span class='ocrx_word' id='word_1_288' title='bbox 978 2949 1042 3002; x_wconf 87' lang='lat' dir='ltr'>L,</span> <span class='ocrx_word' id='word_1_289' title='bbox 1072 2948 1193 3004; x_wconf 89' lang='lat' dir='ltr'>Apes</span> <span class='ocrx_word' id='word_1_290' title='bbox 1222 2947 1269 2994; x_wconf 93' lang='lat' dir='ltr'><strong><em>V</em></strong></span> <span class='ocrx_word' id='word_1_291' title='bbox 1313 2948 1327 3003; x_wconf 79' lang='lat' dir='ltr'>{l</span> <span class='ocrx_word' id='word_1_292' title='bbox 1365 2960 1541 2992; x_wconf 90' lang='lat' dir='ltr'>uermes</span> <span class='ocrx_word' id='word_1_293' title='bbox 1569 2948 1621 2991; x_wconf 94' lang='lat' dir='ltr'><strong><em>L</em></strong></span> <span class='ocrx_word' id='word_1_294' title='bbox 1651 2947 1696 2993; x_wconf 96' lang='lat' dir='ltr'><strong><em>V</em></strong></span> <span class='ocrx_word' id='word_1_295' title='bbox 1740 2948 1755 3003; x_wconf 90' lang='grc' dir='ltr'>ΙΙ</span> <span class='ocrx_word' id='word_1_296' title='bbox 1804 2947 1926 3004; x_wconf 89' lang='lat' dir='ltr'>Apes</span> <span class='ocrx_word' id='word_1_297' title='bbox 1955 2947 2090 2992; x_wconf 89' lang='lat' dir='ltr'>initio</span> <span class='ocrx_word' id='word_1_298' title='bbox 2119 2960 2222 2991; x_wconf 88' lang='lat' dir='ltr'>ver-</span> 
     </span>
    </p>
   </div>
   <div class='ocr_carea' id='block_1_11' title="bbox 63 3018 2220 3076">
    <p class='ocr_par' dir='ltr' id='par_1_30' title="bbox 63 3018 2220 3076">
     <span class='ocr_line' id='line_1_38' title="bbox 63 3018 2220 3076; baseline 0.001 -14"><span class='ocrx_word' id='word_1_299' title='bbox 63 3039 68 3043; x_wconf 95' lang='lat'>·</span> <span class='ocrx_word' id='word_1_300' title='bbox 135 3031 246 3076; x_wconf 91' lang='lat' dir='ltr'>mes,</span> <span class='ocrx_word' id='word_1_301' title='bbox 275 3023 437 3075; x_wconf 86' lang='lat' dir='ltr'>postea</span> <span class='ocrx_word' id='word_1_302' title='bbox 466 3018 662 3075; x_wconf 88' lang='lat' dir='ltr'>speciem</span> <span class='ocrx_word' id='word_1_303' title='bbox 693 3032 820 3064; x_wconf 87' lang='lat' dir='ltr'>suam</span> <span class='ocrx_word' id='word_1_304' title='bbox 850 3018 1079 3075; x_wconf 88' lang='lat' dir='ltr'>accipiunt</span> <span class='ocrx_word' id='word_1_305' title='bbox 1114 3019 1248 3076; x_wconf 76' lang='lat' dir='ltr'>vulyo</span> <span class='ocrx_word' id='word_1_306' title='bbox 1394 3019 1452 3064; x_wconf 88' lang='grc'>13</span> <span class='ocrx_word' id='word_1_307' title='bbox 1479 3018 1603 3063; x_wconf 90' lang='lat' dir='ltr'>Aues</span> <span class='ocrx_word' id='word_1_308' title='bbox 1639 3018 1710 3062; x_wconf 83' lang='lat' dir='ltr'>hie</span> <span class='ocrx_word' id='word_1_309' title='bbox 1745 3018 1921 3071; x_wconf 82' lang='lat' dir='ltr'>addidi,</span> <span class='ocrx_word' id='word_1_310' title='bbox 1958 3032 2031 3062; x_wconf 85' lang='lat' dir='ltr'>om</span> <span class='ocrx_word' id='word_1_311' title='bbox 2060 3019 2111 3062; x_wconf 94' lang='lat' dir='ltr'><strong><em>L</em></strong></span> <span class='ocrx_word' id='word_1_312' title='bbox 2140 3018 2220 3072; x_wconf 83' lang='lat' dir='ltr'>Vn</span> 
     </span>
    </p>
   </div>
   <div class='ocr_carea' id='block_1_12' title="bbox 136 3086 2225 3430">
    <p class='ocr_par' dir='ltr' id='par_1_31' title="bbox 136 3086 2225 3430">
     <span class='ocr_line' id='line_1_39' title="bbox 136 3086 2214 3146; baseline -0.001 -12"><span class='ocrx_word' id='word_1_313' title='bbox 136 3089 385 3146; x_wconf 87' lang='lat' dir='ltr'>prodentur</span> <span class='ocrx_word' id='word_1_314' title='bbox 400 3090 464 3144; x_wconf 93' lang='lat' dir='ltr'>L,</span> <span class='ocrx_word' id='word_1_315' title='bbox 494 3089 744 3146; x_wconf 86' lang='lat' dir='ltr'>prodentur</span> <span class='ocrx_word' id='word_1_316' title='bbox 771 3103 880 3135; x_wconf 86' lang='lat' dir='ltr'>aues</span> <span class='ocrx_word' id='word_1_317' title='bbox 909 3090 955 3136; x_wconf 95' lang='lat' dir='ltr'><strong><em>V</em></strong></span> <span class='ocrx_word' id='word_1_318' title='bbox 989 3091 1004 3146; x_wconf 86' lang='grc' dir='ltr'>ΙΙ</span> <span class='ocrx_word' id='word_1_319' title='bbox 1039 3086 1164 3134; x_wconf 86' lang='lat' dir='ltr'>Aves</span> <span class='ocrx_word' id='word_1_320' title='bbox 1194 3102 1251 3134; x_wconf 81' lang='lat' dir='ltr'>ex</span> <span class='ocrx_word' id='word_1_321' title='bbox 1284 3089 1363 3134; x_wconf 89' lang='lat' dir='ltr'>ovi</span> <span class='ocrx_word' id='word_1_322' title='bbox 1392 3089 1544 3134; x_wconf 90' lang='lat' dir='ltr'>medio</span> <span class='ocrx_word' id='word_1_323' title='bbox 1567 3089 1700 3146; x_wconf 77' lang='lat' dir='ltr'>vulyo</span> <span class='ocrx_word' id='word_1_324' title='bbox 1815 3090 1872 3134; x_wconf 79' lang='lat'>15</span> <span class='ocrx_word' id='word_1_325' title='bbox 1901 3088 2100 3134; x_wconf 86' lang='lat' dir='ltr'>Phoenis</span> <span class='ocrx_word' id='word_1_326' title='bbox 2127 3088 2179 3132; x_wconf 94' lang='lat' dir='ltr'><strong><em>L</em></strong></span> <span class='ocrx_word' id='word_1_327' title='bbox 2199 3090 2214 3143; x_wconf 75' lang='lat' dir='ltr'>ss</span> 
     </span>
     <span class='ocr_line' id='line_1_40' title="bbox 138 3158 2222 3218; baseline 0 -14"><span class='ocrx_word' id='word_1_328' title='bbox 138 3173 221 3205; x_wconf 86' lang='lat' dir='ltr'>sua</span> <span class='ocrx_word' id='word_1_329' title='bbox 250 3160 383 3204; x_wconf 85' lang='lat' dir='ltr'>aliam</span> <span class='ocrx_word' id='word_1_330' title='bbox 395 3172 524 3216; x_wconf 88' lang='lat' dir='ltr'>prog.</span> <span class='ocrx_word' id='word_1_331' title='bbox 545 3161 595 3204; x_wconf 91' lang='lat' dir='ltr'><strong><em>L</em></strong></span> <span class='ocrx_word' id='word_1_332' title='bbox 611 3161 663 3213; x_wconf 92' lang='lat' dir='ltr'><strong><em>V,</em></strong></span> <span class='ocrx_word' id='word_1_333' title='bbox 695 3173 778 3205; x_wconf 90' lang='lat' dir='ltr'>sua</span> <span class='ocrx_word' id='word_1_334' title='bbox 792 3161 1038 3205; x_wconf 84' lang='lat' dir='ltr'>renascitur</span> <span class='ocrx_word' id='word_1_335' title='bbox 1051 3160 1185 3218; x_wconf 67' lang='lat' dir='ltr'>vulgo</span> <span class='ocrx_word' id='word_1_336' title='bbox 1271 3161 1329 3205; x_wconf 85' lang='grc'><strong>16</strong></span> <span class='ocrx_word' id='word_1_337' title='bbox 1355 3161 1420 3205; x_wconf 89' lang='grc' dir='ltr'>εἰσ</span> <span class='ocrx_word' id='word_1_338' title='bbox 1438 3161 1488 3204; x_wconf 94' lang='lat' dir='ltr'><strong><em>L</em></strong></span> <span class='ocrx_word' id='word_1_339' title='bbox 1504 3161 1556 3217; x_wconf 94' lang='lat' dir='ltr'><strong><em>V,</em></strong></span> <span class='ocrx_word' id='word_1_340' title='bbox 1587 3160 1779 3218; x_wconf 87' lang='lat' dir='ltr'>Hyaena</span> <span class='ocrx_word' id='word_1_341' title='bbox 1808 3160 1947 3204; x_wconf 87' lang='lat' dir='ltr'>modo</span> <span class='ocrx_word' id='word_1_342' title='bbox 1969 3173 2065 3204; x_wconf 84' lang='lat' dir='ltr'>mas</span> <span class='ocrx_word' id='word_1_343' title='bbox 2080 3158 2222 3204; x_wconf 87' lang='lat' dir='ltr'>modo</span> 
     </span>
     <span class='ocr_line' id='line_1_41' title="bbox 139 3228 2225 3288; baseline -0.001 -12"><span class='ocrx_word' id='word_1_344' title='bbox 139 3231 308 3276; x_wconf 87' lang='lat' dir='ltr'>femina</span> <span class='ocrx_word' id='word_1_345' title='bbox 325 3230 460 3287; x_wconf 74' lang='lat' dir='ltr'>vulqo</span> <span class='ocrx_word' id='word_1_346' title='bbox 544 3232 600 3276; x_wconf 80' lang='lat'>17</span> <span class='ocrx_word' id='word_1_347' title='bbox 617 3231 797 3276; x_wconf 86' lang='lat' dir='ltr'>Animal</span> <span class='ocrx_word' id='word_1_348' title='bbox 813 3233 965 3276; x_wconf 87' lang='lat' dir='ltr'>ventis</span> <span class='ocrx_word' id='word_1_349' title='bbox 985 3232 1046 3288; x_wconf 77' lang='lat' dir='ltr'>(ef</span> <span class='ocrx_word' id='word_1_350' title='bbox 1061 3234 1154 3276; x_wconf 78' lang='lat' dir='ltr'>met</span> <span class='ocrx_word' id='word_1_351' title='bbox 1172 3231 1268 3278; x_wconf 86' lang='lat' dir='ltr'>XV</span> <span class='ocrx_word' id='word_1_352' title='bbox 1277 3231 1360 3276; x_wconf 88' lang='grc'>411</span> <span class='ocrx_word' id='word_1_353' title='bbox 1380 3234 1424 3276; x_wconf 75' lang='lat' dir='ltr'>et</span> <span class='ocrx_word' id='word_1_354' title='bbox 1438 3246 1468 3288; x_wconf 84' lang='lat' dir='ltr'>p</span> <span class='ocrx_word' id='word_1_355' title='bbox 1482 3232 1579 3285; x_wconf 89' lang='lat'><strong><em>719,</em></strong></span> <span class='ocrx_word' id='word_1_356' title='bbox 1593 3232 1633 3284; x_wconf 88' lang='lat' dir='ltr'>I)</span> <span class='ocrx_word' id='word_1_357' title='bbox 1649 3231 1824 3287; x_wconf 79' lang='lat' dir='ltr'>scripsi,</span> <span class='ocrx_word' id='word_1_358' title='bbox 1841 3231 2006 3274; x_wconf 87' lang='lat' dir='ltr'>Anima</span> <span class='ocrx_word' id='word_1_359' title='bbox 2026 3228 2225 3274; x_wconf 83' lang='lat' dir='ltr'>labentis</span> 
     </span>
     <span class='ocr_line' id='line_1_42' title="bbox 138 3299 2222 3358; baseline -0 -12"><span class='ocrx_word' id='word_1_360' title='bbox 138 3302 190 3346; x_wconf 91' lang='lat' dir='ltr'><strong><em>L</em></strong></span> <span class='ocrx_word' id='word_1_361' title='bbox 224 3300 267 3358; x_wconf 90' lang='lat' dir='ltr'><strong><em>V,</em></strong></span> <span class='ocrx_word' id='word_1_362' title='bbox 300 3300 604 3347; x_wconf 88' lang='lat' dir='ltr'>Chamaeleon</span> <span class='ocrx_word' id='word_1_363' title='bbox 623 3302 756 3358; x_wconf 78' lang='lat' dir='ltr'>vulyo</span> <span class='ocrx_word' id='word_1_364' title='bbox 779 3302 793 3358; x_wconf 85' lang='grc' dir='ltr'>ΙΙ</span> <span class='ocrx_word' id='word_1_365' title='bbox 815 3302 863 3346; x_wconf 92' lang='lat' dir='ltr'>in</span> <span class='ocrx_word' id='word_1_366' title='bbox 890 3316 936 3347; x_wconf 85' lang='lat' dir='ltr'>v.</span> <span class='ocrx_word' id='word_1_367' title='bbox 956 3303 1144 3358; x_wconf 82' lang='lat' dir='ltr'>species]</span> <span class='ocrx_word' id='word_1_368' title='bbox 1173 3303 1238 3347; x_wconf 85' lang='grc' dir='ltr'>εἰσ</span> <span class='ocrx_word' id='word_1_369' title='bbox 1255 3303 1306 3346; x_wconf 93' lang='lat' dir='ltr'><strong><em>L</em></strong></span> <span class='ocrx_word' id='word_1_370' title='bbox 1326 3303 1379 3357; x_wconf 93' lang='lat' dir='ltr'><strong><em>V,</em></strong></span> <span class='ocrx_word' id='word_1_371' title='bbox 1400 3302 1449 3346; x_wconf 93' lang='lat' dir='ltr'>in</span> <span class='ocrx_word' id='word_1_372' title='bbox 1478 3302 1634 3346; x_wconf 84' lang='lat' dir='ltr'>varios</span> <span class='ocrx_word' id='word_1_373' title='bbox 1663 3301 1838 3346; x_wconf 88' lang='lat' dir='ltr'>colores</span> <span class='ocrx_word' id='word_1_374' title='bbox 1870 3300 2061 3345; x_wconf 86' lang='lat' dir='ltr'>vertitur</span> <span class='ocrx_word' id='word_1_375' title='bbox 2088 3299 2222 3357; x_wconf 76' lang='lat' dir='ltr'>vulyo</span> 
     </span>
     <span class='ocr_line' id='line_1_43' title="bbox 139 3370 2221 3430; baseline -0.001 -13"><span class='ocrx_word' id='word_1_376' title='bbox 139 3372 197 3418; x_wconf 90' lang='grc'><strong>18</strong></span> <span class='ocrx_word' id='word_1_377' title='bbox 225 3372 290 3416; x_wconf 87' lang='grc' dir='ltr'>εἰσ</span> <span class='ocrx_word' id='word_1_378' title='bbox 316 3372 368 3416; x_wconf 95' lang='lat' dir='ltr'><strong><em>L</em></strong></span> <span class='ocrx_word' id='word_1_379' title='bbox 397 3373 450 3425; x_wconf 92' lang='lat' dir='ltr'><strong><em>V,</em></strong></span> <span class='ocrx_word' id='word_1_380' title='bbox 480 3372 658 3430; x_wconf 89' lang='lat' dir='ltr'>Lynces</span> <span class='ocrx_word' id='word_1_381' title='bbox 677 3372 830 3417; x_wconf 92' lang='lat' dir='ltr'>Liberi</span> <span class='ocrx_word' id='word_1_382' title='bbox 860 3373 1034 3417; x_wconf 89' lang='lat' dir='ltr'>urinam</span> <span class='ocrx_word' id='word_1_383' title='bbox 1055 3378 1242 3418; x_wconf 87' lang='lat' dir='ltr'>vertunt</span> <span class='ocrx_word' id='word_1_384' title='bbox 1269 3374 1317 3416; x_wconf 90' lang='lat' dir='ltr'>in</span> <span class='ocrx_word' id='word_1_385' title='bbox 1345 3372 1543 3428; x_wconf 87' lang='lat' dir='ltr'>lapidem</span> <span class='ocrx_word' id='word_1_386' title='bbox 1573 3372 1702 3429; x_wconf 77' lang='lat' dir='ltr'>vulyo</span> <span class='ocrx_word' id='word_1_387' title='bbox 1817 3372 1875 3416; x_wconf 86' lang='grc'><strong>19</strong></span> <span class='ocrx_word' id='word_1_388' title='bbox 1903 3370 1987 3415; x_wconf 90' lang='lat' dir='ltr'>sub</span> <span class='ocrx_word' id='word_1_389' title='bbox 2018 3384 2137 3428; x_wconf 87' lang='lat' dir='ltr'>aqua</span> <span class='ocrx_word' id='word_1_390' title='bbox 2167 3371 2221 3425; x_wconf 90' lang='lat' dir='ltr'><strong><em>V,</em></strong></span> 
     </span>
    </p>
   </div>
   <div class='ocr_carea' id='block_1_13' title="bbox 139 3441 2226 3642">
    <p class='ocr_par' dir='ltr' id='par_1_32' title="bbox 139 3441 2226 3642">
     <span class='ocr_line' id='line_1_44' title="bbox 141 3441 2223 3501; baseline -0.002 -13"><span class='ocrx_word' id='word_1_391' title='bbox 141 3457 214 3488; x_wconf 85' lang='lat' dir='ltr'>om</span> <span class='ocrx_word' id='word_1_392' title='bbox 241 3443 292 3486; x_wconf 93' lang='lat' dir='ltr'><strong><em>L</em></strong></span> <span class='ocrx_word' id='word_1_393' title='bbox 342 3444 357 3500; x_wconf 84' lang='grc' dir='ltr'>ΙΙ</span> <span class='ocrx_word' id='word_1_394' title='bbox 407 3443 633 3488; x_wconf 82' lang='lat' dir='ltr'>Coralium</span> <span class='ocrx_word' id='word_1_395' title='bbox 663 3456 720 3488; x_wconf 86' lang='lat' dir='ltr'>ex</span> <span class='ocrx_word' id='word_1_396' title='bbox 749 3443 875 3487; x_wconf 92' lang='lat' dir='ltr'>molli</span> <span class='ocrx_word' id='word_1_397' title='bbox 906 3443 1067 3488; x_wconf 86' lang='lat' dir='ltr'>durum</span> <span class='ocrx_word' id='word_1_398' title='bbox 1097 3444 1230 3501; x_wconf 66' lang='lat' dir='ltr'>vulgo</span> <span class='ocrx_word' id='word_1_399' title='bbox 1363 3444 1421 3488; x_wconf 80' lang='lat'>20</span> <span class='ocrx_word' id='word_1_400' title='bbox 1448 3444 1512 3488; x_wconf 83' lang='grc' dir='ltr'>εἰσ</span> <span class='ocrx_word' id='word_1_401' title='bbox 1539 3444 1590 3486; x_wconf 95' lang='lat' dir='ltr'><strong><em>L</em></strong></span> <span class='ocrx_word' id='word_1_402' title='bbox 1620 3443 1672 3499; x_wconf 94' lang='lat' dir='ltr'>V,</span> <span class='ocrx_word' id='word_1_403' title='bbox 1705 3442 1874 3487; x_wconf 83' lang='lat' dir='ltr'>Gentes</span> <span class='ocrx_word' id='word_1_404' title='bbox 1910 3442 2146 3485; x_wconf 87' lang='lat' dir='ltr'>variantur</span> <span class='ocrx_word' id='word_1_405' title='bbox 2172 3441 2223 3485; x_wconf 91' lang='lat' dir='ltr'>in</span> 
     </span>
     <span class='ocr_line' id='line_1_45' title="bbox 139 3511 2226 3571; baseline -0.002 -12"><span class='ocrx_word' id='word_1_406' title='bbox 139 3514 311 3570; x_wconf 86' lang='lat' dir='ltr'>species</span> <span class='ocrx_word' id='word_1_407' title='bbox 340 3513 475 3571; x_wconf 65' lang='lat' dir='ltr'>vulgo</span> <span class='ocrx_word' id='word_1_408' title='bbox 575 3515 630 3558; x_wconf 90' lang='grc'>21</span> <span class='ocrx_word' id='word_1_409' title='bbox 659 3515 724 3558; x_wconf 88' lang='grc' dir='ltr'>εἰσ</span> <span class='ocrx_word' id='word_1_410' title='bbox 751 3515 801 3558; x_wconf 93' lang='lat' dir='ltr'><strong><em>L</em></strong></span> <span class='ocrx_word' id='word_1_411' title='bbox 830 3515 884 3568; x_wconf 88' lang='lat' dir='ltr'>V,</span> <span class='ocrx_word' id='word_1_412' title='bbox 916 3513 1090 3568; x_wconf 90' lang='lat' dir='ltr'>Omnia,</span> <span class='ocrx_word' id='word_1_413' title='bbox 1112 3527 1229 3571; x_wconf 86' lang='lat' dir='ltr'>quae</span> <span class='ocrx_word' id='word_1_414' title='bbox 1248 3520 1504 3569; x_wconf 88' lang='lat' dir='ltr'>nascuntur,</span> <span class='ocrx_word' id='word_1_415' title='bbox 1538 3518 1895 3558; x_wconf 84' lang='lat' dir='ltr'>transmutantur</span> <span class='ocrx_word' id='word_1_416' title='bbox 1912 3512 1960 3555; x_wconf 90' lang='lat' dir='ltr'>in</span> <span class='ocrx_word' id='word_1_417' title='bbox 1981 3511 2226 3556; x_wconf 87' lang='lat' dir='ltr'>dissimiles</span> 
     </span>
     <span class='ocr_line' id='line_1_46' title="bbox 140 3581 2224 3642; baseline -0.001 -13"><span class='ocrx_word' id='word_1_418' title='bbox 140 3584 313 3642; x_wconf 89' lang='lat' dir='ltr'>species</span> <span class='ocrx_word' id='word_1_419' title='bbox 341 3585 474 3642; x_wconf 74' lang='lat' dir='ltr'>vulyo</span> <span class='ocrx_word' id='word_1_420' title='bbox 615 3585 673 3630; x_wconf 91' lang='grc'>22</span> <span class='ocrx_word' id='word_1_421' title='bbox 699 3585 892 3642; x_wconf 88' lang='lat' dir='ltr'>Aegeria</span> <span class='ocrx_word' id='word_1_422' title='bbox 919 3586 970 3629; x_wconf 93' lang='lat' dir='ltr'><strong><em>L</em></strong></span> <span class='ocrx_word' id='word_1_423' title='bbox 999 3585 1046 3631; x_wconf 94' lang='lat' dir='ltr'><strong><em>V</em></strong></span> <span class='ocrx_word' id='word_1_424' title='bbox 1089 3586 1104 3641; x_wconf 94' lang='grc' dir='ltr'>ΙΙ</span> <span class='ocrx_word' id='word_1_425' title='bbox 1154 3585 1334 3640; x_wconf 88' lang='lat' dir='ltr'>ualle(m</span> <span class='ocrx_word' id='word_1_426' title='bbox 1365 3586 1607 3637; x_wconf 79' lang='lat' dir='ltr'>incertum)</span> <span class='ocrx_word' id='word_1_427' title='bbox 1638 3583 1806 3629; x_wconf 88' lang='lat' dir='ltr'>aricina</span> <span class='ocrx_word' id='word_1_428' title='bbox 1833 3584 1897 3637; x_wconf 91' lang='lat' dir='ltr'>L,</span> <span class='ocrx_word' id='word_1_429' title='bbox 1927 3582 2091 3627; x_wconf 86' lang='lat' dir='ltr'>uallem</span> <span class='ocrx_word' id='word_1_430' title='bbox 2122 3581 2224 3626; x_wconf 89' lang='lat' dir='ltr'>Ari-</span> 
     </span>
    </p>
   </div>
   <div class='ocr_carea' id='block_1_14' title="bbox 141 3653 2140 3712">
    <p class='ocr_par' dir='ltr' id='par_1_33' title="bbox 141 3653 2140 3712">
     <span class='ocr_line' id='line_1_47' title="bbox 141 3653 2140 3712; baseline -0.001 -14"><span class='ocrx_word' id='word_1_431' title='bbox 141 3654 282 3699; x_wconf 85' lang='lat' dir='ltr'>tinam</span> <span class='ocrx_word' id='word_1_432' title='bbox 312 3654 359 3701; x_wconf 92' lang='lat' dir='ltr'><strong><em>V</em></strong></span> <span class='ocrx_word' id='word_1_433' title='bbox 402 3656 417 3710; x_wconf 90' lang='grc' dir='ltr'>ΙΙ</span> <span class='ocrx_word' id='word_1_434' title='bbox 466 3654 633 3712; x_wconf 85' lang='lat' dir='ltr'>Egeria</span> <span class='ocrx_word' id='word_1_435' title='bbox 662 3658 710 3699; x_wconf 92' lang='lat' dir='ltr'>in</span> <span class='ocrx_word' id='word_1_436' title='bbox 739 3655 905 3700; x_wconf 85' lang='lat' dir='ltr'>vallem</span> <span class='ocrx_word' id='word_1_437' title='bbox 937 3655 1246 3706; x_wconf 78' lang='lat' dir='ltr'>Aricinam-se</span> <span class='ocrx_word' id='word_1_438' title='bbox 1275 3656 1469 3701; x_wconf 86' lang='lat' dir='ltr'>contulit</span> <span class='ocrx_word' id='word_1_439' title='bbox 1495 3655 1625 3712; x_wconf 74' lang='lat' dir='ltr'>vulyo</span> <span class='ocrx_word' id='word_1_440' title='bbox 1740 3654 1797 3700; x_wconf 76' lang='lat'>24</span> <span class='ocrx_word' id='word_1_441' title='bbox 1825 3653 2060 3712; x_wconf 88' lang='lat' dir='ltr'>hypolitus</span> <span class='ocrx_word' id='word_1_442' title='bbox 2089 3654 2140 3697; x_wconf 92' lang='lat' dir='ltr'><strong><em>L</em></strong></span> 
     </span>
    </p>
   </div>
  </div>
 </body>
</html>
