2580 4088
398 168 502 216 624
805 167 958 213 Divus
987 166 1143 212 Iulius.
1183 166 1269 212 Ov.
1299 167 1481 212 Metam.
1511 164 1612 210 Lib.
1642 165 1740 219 XV,
1771 179 1817 210 v.
1850 169 1949 212 878.
1982 169 2077 211 879.

398 326 483 365 ore
519 311 663 379 legar
698 310 890 380 populi,
926 325 1119 378 perque
1159 308 1334 361 omnia
1370 307 1581 360 saecula
1616 306 1773 373 fama,

400 395 571 464 siquid
606 396 804 449 habent
839 394 947 448 veri
985 396 1164 447 vatum
1201 391 1485 461 praesagia,
1522 391 1707 445 vivam.

538 562 624 608 878
651 562 775 606 famei
803 573 835 605 v
978 560 1063 605 879
1092 560 1159 604 bis
1190 560 1236 613 b.
1293 560 1307 614 ΙΙ
1358 564 1516 603 uatum
1554 558 1650 603 ueri
1681 571 1737 616 af,
1784 560 1800 615 ΙΙ
1837 561 1956 605 uatis
1986 573 2130 617 praes·
2161 561 2320 616 effoth,
2347 561 2495 610 fatum

398 647 543 691 praes.
575 634 625 688 b,
679 634 692 687 Η
742 636 834 675 uat.
866 631 1107 687 praesagia
1143 642 1321 686 semper
1349 629 1490 674 Uiuat
1517 628 1702 682 (Uiuam
1733 630 1823 688 w5)
1869 636 1915 676 et
1952 636 2157 676 eternum
2199 645 2369 678 nomen
2397 633 2498 680 sine

400 705 494 750 fine
522 703 727 748 manebit
757 715 827 758 a„
861 714 930 757 ωε,
995 701 1009 756 ΙΙ
1066 713 1210 756 praes.
1242 700 1396 744 uiuam
1428 699 1578 756 Siquis
1609 700 1694 745 erit
1724 700 1866 747 lector
1902 714 1962 746 ne
1992 701 2119 747 dicas
2142 707 2276 748 uetus
2306 703 2499 761 scriptor

398 776 477 821 Bis
508 788 588 820 sex
616 774 826 818 millenos
854 773 923 829 (cf
943 771 1090 827 infra)
1120 783 1189 826 ἰυ4

512 875 564 919 P.
587 873 787 919 OVIDII
821 896 833 904 -
869 869 1130 915 NASONIS
1157 893 1166 901 ·
1194 868 1782 914 METAMORPHOSEON
1811 893 1824 902 ·
1856 869 2142 916 EXPLICIT
2172 871 2355 917 LIBER
2373 872 2460 918 XV
2482 896 2493 906 -

401 944 730 991 FELICITER
750 943 970 998 (sequitur
988 953 1066 984 ras
1085 938 1285 995 quinque
1303 940 1400 997 fere
1423 939 1652 984 linearwm
1671 940 1723 983 in
1744 939 1818 994 F)
1841 940 1898 984 F
1920 941 1957 984 h
1979 941 1993 996 ΙΙ
2014 940 2046 986 J
2048 940 2121 986 oh.
2133 941 2500 989 MartWinckler

398 1018 469 1061 Lt.
500 1015 534 1069 (ἱ
563 1030 586 1059 e
615 1015 787 1059 Locum
817 1018 978 1057 tenens
991 1011 1034 1066 2)
1074 1010 1191 1054 Rev.
1219 1010 1365 1066 Capit.
1395 1010 1547 1055 Hamb
1578 1010 1852 1055 Secretarius
1881 1013 1974 1056 add
2002 1014 2040 1056 h
2087 1012 2103 1068 11
2154 1012 2321 1058 EXPL
2351 1035 2364 1049 ·
2397 1014 2496 1060 LIB

404 1085 598 1133 0V1D11
631 1084 837 1130 PVBLII
865 1080 1127 1127 NASONIS
1172 1080 1763 1127 METAMORPHOSEON
1793 1081 1808 1125 l
1833 1104 1847 1117 ·
1883 1082 1942 1128 de
1973 1084 2354 1131 transmutatione
2380 1085 2443 1131 οἳ
2477 1086 2493 1140 Ι

399 1157 486 1202 Hic
514 1156 630 1201 liber
659 1160 730 1200 est
758 1153 952 1211 scriptus
983 1154 1061 1209 qui
1091 1152 1272 1209 scripsit
1301 1153 1360 1197 sit
1387 1152 1654 1198 benedictus
1693 1177 1702 1185 ·
1725 1153 1881 1198 Amen
1905 1153 2026 1199 dicat
2056 1154 2204 1199 omnis
2232 1154 2369 1202 homo
2399 1157 2439 1202 d
2474 1157 2489 1212 Η

400 1268 602 1314 Scribere
633 1268 710 1325 qui
742 1266 890 1311 nescit
908 1223 1075 1312 ngggxg
1098 1270 1232 1322 putat
1270 1278 1370 1311 esse
1399 1265 1604 1311 laborem
1634 1265 1727 1311 Sed
1758 1278 1847 1321 ego
1879 1267 1958 1323 qui
1987 1266 2136 1312 scribo
2166 1266 2368 1313 laborem
2397 1281 2498 1314 esse

398 1345 512 1397 puto
544 1353 607 1397 a„
650 1340 664 1395 ΙΙ
705 1337 785 1383 Bis
815 1350 896 1382 sex
925 1337 1136 1383 millenos
1164 1349 1325 1381 uersus
1347 1336 1531 1390 [Versus
1560 1335 1669 1380 mill.
1698 1335 1773 1382 bis
1803 1349 1885 1381 sex
1914 1337 1988 1391 οἳ]
2018 1338 2067 1382 in
2097 1337 2253 1384 codice
2272 1338 2378 1392 [hoc
2403 1352 2497 1385 car-

398 1412 519 1456 mine
550 1423 613 1468 af,
645 1408 826 1462 cZwv‘ce]
858 1409 1052 1466 scriptos
1082 1408 1173 1453 Sed
1202 1414 1272 1452 ter
1304 1408 1507 1465 quinque
1535 1408 1685 1452 minus
1715 1407 1918 1453 continet
1945 1411 2179 1464 [contenet
2203 1409 2279 1464 ⁴0³,
2307 1409 2500 1456 contulit

399 1483 473 1536 62]
505 1481 687 1527 ouidius
717 1481 774 1525 62
804 1493 867 1538 a2
903 1493 961 1535 a3
992 1511 1010 1537 ⁵
1045 1511 1062 1537 ⁸
1099 1510 1118 1537 9
1153 1491 1230 1534 affl
1256 1491 1326 1535 w⁴
1360 1511 1379 1538 a
1413 1480 1462 1534 b,
1500 1493 1529 1536 ς
1557 1482 1603 1524 et
1627 1478 1648 1523 i
1675 1491 1753 1536 my
1781 1493 1812 1523 a
1841 1494 1889 1523 m
1910 1493 1983 1524 rec
2010 1492 2044 1525 v
2093 1479 2108 1536 ΙΙ
2158 1479 2291 1527 Vatis
2317 1479 2497 1538 Peligni

401 1595 644 1641 traduntur
669 1593 867 1639 carmina
894 1592 978 1636 fini
1009 1591 1096 1648 Qui
1124 1592 1278 1638 medio
1307 1593 1444 1637 nituit
1473 1592 1582 1637 dum
1612 1592 1700 1638 sibi
1731 1560 1777 1646 [ii
1797 1593 1818 1637 i
1835 1606 1859 1637 e
1887 1592 1968 1638 ubi
1994 1594 2147 1646 codem]
2176 1594 2274 1639 uita
2299 1593 2390 1639 fuit
2416 1593 2498 1640 Bis

400 1680 480 1711 sex
523 1663 1017 1711 millenos—continet
1060 1663 1277 1709 houidius
1319 1664 1461 1708 cLeid
1491 1663 1587 1709 Lat
1613 1664 1676 1709 96
1721 1664 1736 1721 ΙΙ
1786 1663 1902 1709 liber
1944 1663 2100 1709 metha
2133 1677 2236 1710 mor
2269 1664 2364 1722 pho
2392 1677 2497 1712 seos

403 1736 588 1793 explicit
614 1749 688 1792 ἰυ5
731 1735 748 1792 Ι
785 1734 922 1779 finito
952 1734 1072 1780 libro
1102 1734 1164 1779 sit
1191 1734 1291 1779 laus
1321 1747 1410 1791 que
1438 1734 1587 1792 gloria
1613 1734 1772 1780 Xristo
1802 1734 1884 1780 Bis
1914 1748 1995 1780 sex
2022 1734 2233 1781 millenos
2260 1749 2311 1792 eq
2338 1735 2500 1794 prebet

403 1807 596 1852 aristeus
624 1806 709 1851 tibi
738 1805 867 1851 basia
891 1829 900 1838 ·
924 1805 1068 1851 uerba
1088 1805 1204 1851 lieus
1223 1805 1471 1863 Sompnum
1491 1806 1566 1851 uis
1586 1806 1750 1851 cereris
1773 1829 1782 1839 ·
1809 1810 1921 1851 uota
1946 1819 2194 1864 precesque
2211 1805 2351 1853 thetis
2375 1830 2386 1843 ·
2409 1806 2497 1853 hos

400 1890 559 1921 uersus
587 1875 698 1921 fecit
724 1877 779 1921 fr.
803 1876 1044 1922 Gotfritlus
1073 1877 1132 1923 de
1153 1876 1387 1934 Allaghen
1417 1877 1502 1923 ord
1530 1876 1659 1934 pdict
1688 1876 1853 1923 domus
1887 1876 2035 1923 sosacl
2064 1877 2166 1934 (sic)
2192 1890 2269 1937 w⁶
2327 1879 2343 1936 ΙΙ
2397 1877 2497 1925 lans

402 1947 488 1993 tibi
518 1947 578 1992 sit
607 1948 740 1993 criste
771 1948 987 2005 quoniam
1017 1947 1134 1993 liber
1163 1947 1348 2005 explicit
1375 1947 1464 1993 iste
1493 1947 1679 2005 explicit
1706 1947 1795 1993 iste
1823 1947 1942 1993 liber
1979 1948 2041 1993 sit
2078 1948 2278 2006 scriptor
2311 1948 2499 1995 crimine

406 2018 507 2064 iber
532 2031 605 2075 wa
642 2019 657 2074 ΙΙ
692 2019 826 2064 malki
854 2019 1011 2064 subscr
1041 2018 1094 2063 in
1123 2031 1195 2073 w2
1222 2031 1293 2073 wa
1322 2049 1360 2074 ⁷·
