2580 4088
404 250 507 298 708
922 248 1148 294 Lactantii
1178 248 1353 294 Placidi
1382 247 1458 305 qui
1489 248 1655 294 dicitur
1682 248 1980 295 narrationes.

201 406 283 456 fab
313 402 374 446 12
405 396 459 448 et
499 394 576 446 ita
618 392 818 446 factum
865 393 945 444 est
1140 392 1352 445 Turnus
1391 390 1640 444 adversus
1676 393 1889 445 Aenean
1924 408 2015 461 pro
2052 392 2268 446 Lavinia
2303 405 2494 460 sponsa
2576 387 2580 390 ’

403 478 657 532 dimicans
706 492 824 530 cum
870 476 1125 529 classibus
1168 476 1346 543 ignem
1391 475 1581 529 inferre
1629 478 1913 541 conaretur,
1956 478 2126 530 Mater
2172 476 2329 530 deum
2371 473 2495 542 quia

402 580 464 618 ex
501 563 597 616 Ida
639 564 816 615 monte
854 560 1112 628 Phrygiae
1150 561 1352 613 sacrato
1390 562 1566 613 essent
1601 560 1785 625 factae,
1820 562 2112 630 impetratis
2148 560 2389 630 precibus
2425 559 2491 612 ab
2572 611 2577 615 ,

400 649 520 703 Iove
545 649 601 701 in
625 646 975 716 nympharum
1001 644 1226 712 speciem
1252 645 1518 711 convertit,
1547 647 1608 698 ut
1633 645 1847 699 dearum
1871 647 2193 699 marinarum
2216 660 2494 699 numerum

205 747 288 798 fab
317 742 375 785 13
406 750 593 802 augere
630 734 842 802 possent
877 730 1050 783 effecit
1193 731 1368 785 Naves
1393 732 1598 784 Aeneae
1627 731 1776 784 docet
1801 747 1862 784 ex
1884 731 2236 785 recordatione
2260 731 2499 784 laborum
2531 732 2558 780 δ’

404 834 615 872 suorum
669 819 724 870 in
780 816 1007 885 speciem
1054 816 1407 884 nympharum
1451 831 1627 869 versas
1672 817 1939 870 voluntate
1986 816 2268 884 Neretique
2309 830 2498 868 navem

403 904 593 957 vidisse
649 902 775 955 dicit
827 902 883 953 in
935 901 1230 968 naufragio,
1287 901 1418 954 item
1472 901 1671 955 Alcinoi
1729 902 1975 969 Pelasgos
2029 902 2323 969 portantem
2376 913 2497 952 saxo

207 1001 290 1051 sab
318 998 375 1040 14
406 989 676 1041 durescere
819 987 998 1041 Turno
1045 986 1110 1039 ab
1137 987 1662 1055 Aenea'interempto
1701 988 1870 1041 Ardea
1904 988 2044 1052 urbs,
2078 1002 2299 1055 regnum
2322 985 2499 1049 Turni,

403 1073 641 1126 incendio
678 1073 735 1125 in
773 1072 1000 1125 cinerem
1036 1072 1261 1137 redacta,
1299 1088 1362 1125 ex
1399 1088 1500 1140 quo
1537 1073 1759 1126 volucris
1797 1088 2000 1126 emersa
2035 1074 2130 1137 est,
2168 1087 2299 1140 quae
2330 1070 2498 1140 patrio

214 1171 291 1219 fab
320 1167 377 1209 15
407 1159 518 1212 eius
565 1158 774 1211 nomine
819 1159 1090 1211 vocaretur
1138 1173 1170 1210 a
1217 1158 1436 1226 posteris
1472 1158 1645 1211 Ardea
1830 1158 2003 1212 Venus
2038 1159 2100 1210 ut
2135 1154 2504 1210 animadvertit
2538 1161 2580 1205 ιο

406 1246 619 1297 Aenean
653 1243 822 1296 filium
852 1242 1118 1296 laboribus
1156 1243 1419 1296 exhaustis
1458 1244 1524 1296 ad
1558 1243 1719 1296 finem
1743 1243 1947 1297 venisse
1985 1242 2111 1307 aevi,
2134 1242 2266 1311 petit
2289 1241 2354 1294 ab
2378 1239 2500 1293 Iove

405 1330 568 1398 patre,
614 1331 675 1381 ut
717 1328 985 1397 promissis
1031 1328 1190 1399 fidem
1226 1329 1436 1382 faceret.
1509 1329 1658 1382 cuius
1694 1329 1782 1382 illc
1819 1328 2060 1397 precibus
2096 1327 2287 1380 auditis
2324 1324 2499 1393 efficit,

406 1415 467 1467 ut
513 1415 568 1466 in
607 1429 730 1481 agro
766 1414 1016 1467 Laurenti
1051 1414 1267 1468 flumine
1305 1413 1548 1468 Numicio
1587 1415 1821 1467 ablueret
1857 1414 2230 1468 mortalitatem
2264 1413 2502 1480 interque

406 1499 664 1566 indigetes
703 1499 825 1552 deos
868 1499 1159 1564 referretur,
1194 1501 1270 1553 ita
1312 1501 1374 1553 ut
1420 1515 1451 1553 a
1486 1500 1707 1569 posteris
1743 1500 1879 1553 sicut
1914 1499 2099 1552 ceteris
2136 1498 2235 1552 diis
2271 1511 2420 1551 sacra
2455 1495 2504 1550 ei

209 1596 295 1647 sab
324 1592 384 1636 16
415 1585 903 1638 administrarentur
1062 1586 1356 1651 TiberinuS,
1405 1585 1727 1639 Albanorum
1769 1601 1871 1651 rex,
1914 1585 2083 1638 Tusco
2127 1583 2271 1637 amni
2314 1581 2507 1635 Albula
2541 1585 2580 1629 l!

409 1685 613 1723 mersus
648 1671 849 1723 interiit
885 1686 946 1724 ac
979 1686 1170 1724 nomen
1195 1671 1352 1725 fluvio
1376 1672 1605 1739 reliquit.
1659 1672 1789 1725 item
1813 1671 2116 1734 Aventinus,
2153 1685 2184 1723 a
2209 1685 2310 1738 quo
2334 1683 2501 1734 mone,

554 1783 709 1828 Naues
739 1795 908 1847 aeneae
936 1782 985 1827 in
1015 1782 1240 1840 nymphas
1261 1787 1373 1839 post
1400 1783 1491 1830 526
1514 1785 1587 1828 M
1703 1786 1730 1828 1
1762 1797 1907 1829 enean
1936 1785 2005 1838 N,
2036 1787 2163 1828 aenea
2190 1783 2271 1838 M,
2302 1782 2504 1827 Aeneam

412 1881 600 1939 Vvulqo
632 1882 647 1936 ss
675 1840 883 1927 lab¹1²3²M
963 1882 992 1925 2
1021 1895 1122 1926 cum
1140 1882 1191 1926 cl.
1208 1883 1363 1939 ignem
1386 1883 1553 1927 inferre
1573 1896 1673 1928 con.
1694 1884 1868 1939 scripsi,
1890 1895 1991 1927 cum
2009 1882 2136 1927 class.
2152 1882 2307 1939 ignem
2326 1881 2510 1936 (inferre

413 1959 503 2007 om)
524 1967 623 1998 con.
643 1955 726 2010 M,
745 1967 846 1998 cum
863 1953 1006 2044 clasffib
1010 1966 1114 2044 el1us
1124 1954 1293 2010 (ignem
1310 1958 1399 2008 om)
1415 1953 1584 1999 inferre
1599 1967 1699 1999 con.
1720 1956 1789 2008 N,
1807 1967 1908 1998 cum
1929 1954 2171 1999 immittere
2183 1955 2336 2011 ignem
2355 1952 2506 1998 classi-

949 2021 983 2045 01
1046 2011 1114 2044 en-

413 2052 501 2110 bus
518 2067 619 2098 con.
635 2053 830 2109 Vvulqo
867 2054 883 2109 ΙΙ
921 2059 1018 2097 mat
1046 2053 1123 2098 dm
1139 2053 1212 2097 M
1292 2053 1379 2108 3sq
1408 2052 1685 2109 phrigieM,
1702 2053 1866 2110 frigiae
1884 2054 1939 2097 N
1965 2053 1980 2109 ΙΙ
2001 2052 2211 2108 precibus
2239 2051 2299 2097 ab
2328 2053 2434 2098 ioue
2461 2051 2511 2097 in

414 2124 600 2182 nymph.
633 2124 828 2179 speciem
858 2125 931 2169 M
963 2124 1007 2169 V
1035 2125 1180 2182 vulyo,
1211 2124 1422 2181 precibus
1452 2137 1674 2180 auemque
1703 2124 1751 2168 in
1780 2139 1824 2169 n.
1847 2124 1998 2180 specie
2026 2126 2082 2168 N
2190 2126 2221 2169 4
2247 2124 2348 2168 illas
2376 2136 2511 2168 conv.

414 2195 551 2252 vulyo
602 2197 617 2250 ΙΙ
667 2200 720 2239 ut
753 2195 799 2238 0
829 2196 882 2252 V,
913 2201 1056 2252 utque
1085 2196 1308 2253 Micyllus
1337 2196 1484 2252 vulgo,
1516 2201 1563 2240 et
1590 2201 1643 2239 ut
1670 2194 1866 2239 Knaaek
1916 2196 1931 2251 ΙΙ
1981 2208 2149 2240 numen
2178 2196 2226 2242 V

556 2267 709 2312 Nereti
740 2280 882 2312 naues
911 2267 959 2311 in
988 2274 1101 2311 saxu
1126 2270 1234 2323 post
1266 2267 1351 2313 561
1383 2268 1460 2311 M
1593 2268 1682 2323 58q
1712 2280 1769 2312 ex
1798 2279 1883 2312 rec.
1914 2266 2122 2311 laborum
2151 2278 2338 2311 suorum
2365 2265 2415 2309 in
2442 2277 2511 2322 sp.

413 2337 600 2394 nymph.
646 2351 803 2382 versas
848 2338 1084 2383 voluntate
1132 2339 1167 2391 (i
1208 2353 1232 2383 e
1262 2338 1467 2392 libenter,
1496 2338 1550 2394 cf
1567 2352 1598 2394 p
1631 2338 1727 2391 703,
1748 2339 1777 2382 7
1804 2341 1849 2383 et
1877 2341 1970 2382 met
1997 2338 2077 2382 XI
2084 2337 2127 2383 V
2138 2337 2296 2393 5558q)
2332 2335 2510 2392 smpsi,

415 2422 472 2454 ex
500 2421 587 2453 rec.
622 2409 671 2452 in
709 2422 827 2464 spec.
858 2408 1044 2467 nymph·
1074 2423 1234 2454 uersus
1263 2409 1466 2454 laborum
1497 2423 1684 2454 suorum
1713 2409 1949 2454 uoluntate
1982 2409 2040 2466 0,
2071 2409 2119 2452 in
2172 2421 2291 2465 spec.
2321 2407 2508 2464 nymph.

415 2493 573 2525 versas
593 2480 782 2524 deorum
813 2480 1052 2525 voluntate
1082 2493 1140 2525 ex
1169 2493 1256 2525 rec.
1277 2494 1462 2525 suorum
1483 2480 1629 2538 vulgo,
1667 2494 1724 2525 ex
1752 2494 1839 2525 rec.
1869 2481 1918 2524 in
1947 2493 2013 2536 sp.
2045 2478 2230 2537 nymph.
2251 2493 2297 2523 v.
2319 2478 2510 2524 deorum

417 2564 603 2596 suorum
635 2551 873 2596 voluntate
893 2552 940 2598 V
1018 2552 1049 2597 6
1076 2551 1314 2608 neretique
1331 2553 1412 2608 M,
1443 2552 1735 2608 nereititique
1753 2553 1821 2606 N,
1850 2551 2105 2608 Naritiique
2125 2552 2177 2607 V,
2198 2549 2510 2607 Noritiamque

416 2622 565 2679 vulyo,
595 2622 850 2679 Neritiique
869 2623 1045 2677 malim,
1074 2624 1151 2667 sed
1172 2624 1290 2668 Laet
1308 2637 1403 2668 non
1421 2623 1700 2669 intellexisse
1718 2623 1900 2668 videtur
1916 2622 2052 2667 verba
2083 2622 2238 2668 Ovidii
2263 2624 2358 2666 met
2385 2619 2515 2666 XIV

415 2693 507 2740 563
620 2694 645 2738 7
674 2693 847 2739 uidisse
876 2694 988 2739 dicit
1016 2695 1063 2738 in
1091 2694 1157 2748 (in
1186 2709 1260 2739 om
1287 2696 1361 2739 M
1387 2695 1449 2749 V)
1485 2695 1729 2751 naufragio
1762 2695 1821 2752 0,
1861 2695 2036 2740 vidisse
2073 2694 2217 2739 laetas
2244 2696 2510 2794 peffltssm

416 2793 660 2848 naufragio
690 2793 820 2850 vulyo
862 2795 879 2850 fl
921 2793 1108 2839 Alcinoi
1128 2794 1275 2851 vulyo,
1307 2794 1472 2839 alcioni
1494 2795 1561 2850 N,
1593 2794 1767 2838 alcione
1790 2794 1868 2846 M,
1898 2793 2148 2839 Alcinoum
2169 2794 2216 2840 V
2249 2793 2265 2849 ΙΙ
2299 2792 2511 2851 pelasgos

417 2893 498 2946 M,
529 2850 721 2950 pela2gos
750 2893 803 2936 N
855 2893 870 2949 ΙΙ
928 2894 1153 2950 portantis
1182 2895 1242 2938 N

561 2964 714 3009 Ardea
743 2964 811 3008 tni
831 2965 879 3007 in
901 2970 986 3008 aue
1006 2967 1111 3020 post
1127 2965 1222 3010 566
1237 2964 1331 3017 (sic)
1353 2964 1426 3009 M
1506 2965 1535 3008 8
1551 2963 1792 3009 interfecto
1807 2964 1869 3008 N
1946 2965 2032 3019 9sq
2052 2963 2301 3015 redacltan'
2318 2962 2412 3021 (sic)
2428 2964 2489 3008 N
2498 2963 2515 3018 Ι

422 3048 513 3090 qua
543 3035 595 3078 ed
617 3035 763 3079 Parm
784 3036 799 3090 11
823 3048 996 3080 emersa
1016 3039 1099 3087 est]
1129 3036 1194 3079 sie
1217 3036 1262 3079 0
1280 3035 1333 3092 V,
1354 3035 1600 3080 resurrexit
1626 3049 1722 3079 secr
1749 3047 1811 3079 m
1831 3035 1846 3091 ΙΙ
1867 3035 2017 3091 patrio
2047 3034 2147 3080 eius
2174 3034 2360 3080 nomine
2391 3034 2438 3078 0
2457 3033 2510 3091 V,

421 3105 596 3162 patriae
625 3119 748 3150 nom.
779 3105 914 3162 vulyo

564 3175 715 3220 Encas
743 3176 791 3220 in
822 3176 956 3221 deum
982 3179 1090 3232 post
1107 3177 1196 3223 580
1213 3177 1287 3221 Μ
1393 3179 1452 3222 11
1483 3190 1627 3222 enean
1655 3176 1802 3221 filium
1823 3177 1890 3234 N,
1920 3176 2021 3220 filiu
2051 3181 2178 3221 aenea
2207 3177 2422 3230 (Aeneam
2457 3174 2511 3228 V)

421 3247 495 3291 M
518 3247 566 3293 V
588 3247 723 3303 vulyo
773 3247 788 3303 ΙΙ
839 3247 1040 3292 exaustis
1069 3250 1141 3300 Μ,
1185 3248 1390 3293 exhustis
1425 3250 1491 3302 N,
1537 3247 1806 3293 exhaustum
1844 3249 1899 3292 ed
1946 3246 2086 3292 Golon
2135 3248 2150 3303 ΙΙ
2199 3246 2316 3304 petit
2355 3246 2428 3291 Μ
2462 3244 2511 3300 V,

421 3318 553 3373 petiit
572 3318 634 3361 N
646 3318 781 3374 vulyo
803 3320 817 3372 ΙΙ
838 3319 955 3374 petit
974 3324 1026 3363 ut
1045 3319 1102 3364 ab
1123 3320 1196 3364 M
1276 3319 1334 3364 12
1354 3318 1537 3373 faceret]
1558 3320 1623 3364 sic
1637 3320 1707 3363 M
1721 3320 1774 3371 V,
1795 3332 1848 3364 ac
1866 3324 2078 3375 nepotem
2100 3331 2230 3363 suum
2250 3318 2299 3362 in
2322 3317 2511 3362 deorum

423 3401 659 3477 nffssnemm
690 3388 877 3434 referret
906 3390 998 3433 add
1026 3391 1087 3434 N
1131 3391 1146 3446 ΙΙ
1194 3390 1270 3435 ille
1299 3404 1373 3435 om
1401 3391 1454 3434 N
1485 3391 1500 3446 ΙΙ
1537 3390 1692 3435 effecit
1720 3391 1768 3436 V
1876 3390 1933 3436 13
1960 3390 2127 3434 numici
2157 3390 2217 3433 N
2295 3389 2411 3444 14⁸q
2442 3400 2511 3432 re-

423 3486 594 3531 feretur
622 3487 703 3540 Μ,
733 3486 1023 3533 referreretur
1050 3490 1110 3533 N
1148 3492 1164 3543 ΙΙ
1203 3489 1291 3534 diis
1319 3490 1393 3534 M
1417 3490 1470 3543 V,
1502 3489 1575 3534 dis
1603 3490 1670 3543 N,
1702 3489 1802 3534 deis
1830 3489 1964 3546 vulyo
2003 3489 2019 3544 ΙΙ
2060 3488 2101 3533 ei
2130 3486 2513 3533 amministrarent

424 3558 504 3614 Μ,
537 3558 603 3602 eis
633 3558 1019 3604 amministrarent
1049 3560 1111 3604 N

569 3629 849 3674 Uertumnus
877 3630 924 3673 in
954 3643 1090 3674 anum
1113 3634 1224 3686 post
1250 3630 1341 3676 608
1356 3632 1428 3675 Μ
1536 3632 1650 3687 1589
1679 3630 1876 3676 aluulam
1905 3631 2064 3675 mersis
2093 3631 2153 3674 N
2231 3629 2292 3674 16
2319 3625 2512 3685 reliquid

427 3728 487 3771 N
530 3727 547 3781 R
597 3727 815 3773 auentino
845 3731 905 3774 N
950 3730 964 3785 ΙΙ
1013 3697 1137 3775 molis
1166 3732 1221 3775 N
