2554 4094
2131 214 2166 251 V

17 336 33 428 ,γ’
56 375 59 379 ·
89 370 306 409 carmen
329 370 490 405 suum
517 357 889 404 retractantem
915 369 979 404 eo
999 355 1296 418 proposit0‚
1338 356 1398 402 ut
1433 367 1596 414 quam
1624 354 1914 402 maximam
1938 356 2168 417 qratiam

7 449 19 499 1³
90 441 243 506 apud
257 441 556 504 principem
585 441 756 500 iniret,
794 439 1068 489 addidisse
1106 453 1244 501 quae
1280 440 1334 488 et
1367 438 1438 488 ab
1477 438 1569 487 illo
1606 440 1659 487 et
1694 452 1726 487 a
1765 439 1972 488 ratione
2006 441 2171 488 totius

12 547 19 561 ·-
48 512 58 534 ³
86 526 346 578 carminis
363 526 543 574 essent
559 524 733 573 aliena
744 520 804 585 1).
842 538 906 573 ac
924 538 994 573 ne
1008 524 1114 573 hoc
1131 524 1347 586 quidem
1366 523 1617 573 credibile
1631 526 1729 583 est,
1752 524 1889 572 illud
1901 525 2175 586 exemplar

8 647 19 676 ;
88 624 158 662 ex
179 610 353 660 Ponto
377 610 604 658 missum
634 608 956 672 bibliopolae
981 609 1194 658 cuidam
1224 608 1433 657 urbano
1471 608 1727 657 traditum
1767 610 1821 657 et
1851 611 2011 671 poeta
2052 611 2171 658 vivo

55 686 57 690 Α
91 691 292 747 iustam
313 694 601 744 editionem
616 693 819 756 factam
839 689 1024 754 esse2).
1064 707 1190 743 nam
1220 707 1378 755 quem
1403 693 1750 755 bibliopolam
1772 693 1878 742 hoc
1898 695 2169 757 inqratum

8 767 21 828 ‘J
89 794 295 830 munus
307 779 609 841 suscepisse
622 778 823 840 putas?
852 779 907 827 in
930 778 1269 828 bibliothecis
1283 777 1520 841 publicis
1535 778 1722 827 nullus
1738 780 1878 828 certe
1895 779 2046 828 locus
2062 782 2177 831 erat

92 859 387 926 carminiss).
451 864 616 912 immo
643 862 781 912 illud
801 863 876 912 ad
896 865 1122 912 mortem
1145 865 1338 925 poetae
1362 864 1554 923 rarius,
1588 864 1778 925 postea
1810 864 2028 925 saepius
2053 864 2172 912 des-

92 949 323 1012 criptum
349 950 403 998 et
426 948 620 997 lectum
646 948 780 996 satis
805 948 899 996 diu
920 948 1147 1010 privatis
1171 947 1504 1011 apoqraphis
1523 946 1888 1010 propagatum
1927 945 2079 1010 est4),
2118 950 2173 997 in

96 1046 236 1096 quae
261 1033 395 1095 quin
413 1032 699 1095 paullatim
728 1033 1031 1095 inreperent
1053 1046 1259 1082 errores
1283 1046 1580 1094 eorumque
1607 1034 1956 1093 correcturae,
1997 1034 2174 1083 variae

96 1117 366 1178 lectiones,
404 1117 860 1180 interpolationes,
895 1117 1112 1180 ,qlossae
1142 1117 1270 1181 sieri
1304 1132 1416 1167 non
1451 1119 1649 1180 potuit.
1703 1118 1974 1167 eiusmodi
2010 1119 2179 1181 iqitur

92 1202 333 1265 exempla
390 1202 636 1265 leqerunt
669 1203 788 1251 sine
842 1201 1009 1251 dubio
1040 1205 1231 1265 postea
1271 1203 1396 1252 inde
1431 1217 1464 1252 a
1500 1203 1703 1252 Seneca
1758 1205 1812 1252 et
1845 1203 2068 1253 Lucano
2103 1205 2179 1253 ad

93 1287 296 1337 exitum
324 1289 445 1337 aevi
466 1289 683 1349 antiqui
700 1287 947 1350 plerique
970 1289 1257 1350 scriptores
1280 1288 1517 1337 Romani
1549 1289 1609 1336 ut
1642 1302 1754 1337 non
1791 1285 2083 1350 christiani,
2119 1291 2174 1338 in

97 1372 299 1435 quibus
336 1375 515 1422 tamen
539 1387 651 1422 non
679 1373 909 1421 inveniri
930 1372 1170 1422 Nonium
1196 1373 1509 1422 Marcellum
1536 1373 1812 1422 Donatum
1837 1374 2174 1423 Macrobium

26 1459 28 1461 ’
93 1458 424 1508 Mattianum
444 1457 712 1520 Capellam
732 1458 1080 1506 memorabile
1097 1453 1247 1518 estb),
1275 1459 1347 1506 ita
1368 1457 1658 1517 christiani,
1686 1459 1741 1506 in
1764 1458 1964 1519 quibus
1982 1459 2174 1522 Auqu-

95 1543 300 1591 stinum
326 1556 439 1592 non
464 1556 582 1592 6336
604 1543 877 1592 mentione
901 1542 1128 1605 diqnum
1157 1537 1435 1603 videturss).
1497 1557 1625 1591 nam
1654 1556 1793 1603 quae
1818 1543 1954 1592 dixit
1979 1543 2175 1593 OKorn

241 1681 280 1732 1)
312 1683 371 1732 Cf
389 1684 565 1732 praeter
590 1693 639 1721 ea
667 1691 778 1729 quae
821 1682 913 1720 dixi
939 1681 956 1720 l
985 1693 1008 1720 6
1034 1693 1068 1731 p
1097 1682 1182 1720 207
1196 1693 1248 1730 sq
1283 1682 1370 1720 218
1384 1693 1435 1731 sq
1478 1682 1560 1720 221
1578 1694 1630 1731 sq
1671 1682 1754 1720 231
1771 1693 1823 1731 sq
1866 1683 1953 1721 238
1967 1694 2018 1731 sq
2062 1695 2180 1721 nunc

95 1753 334 1793 MPohlenz
362 1753 380 1792 1
405 1764 429 1791 c
454 1764 487 1802 p
517 1753 592 1791 13:
630 1752 772 1791 Selbst
806 1762 936 1790 wenn
973 1763 1075 1791 man
1115 1752 1360 1791 annehmen
1388 1753 1548 1801 wollte,
1578 1752 1664 1791 dass
1693 1752 1739 1791 in
1776 1753 1846 1791 die
1877 1764 1978 1791 vom
2007 1753 2179 1792 Dichter

96 1824 237 1864 selber
263 1824 462 1872 besorgte
491 1822 695 1872 Ausgabe
724 1822 789 1872 [?J
825 1822 1119 1871 nachtriiglich
1147 1823 1382 1862 Varianten
1420 1831 1499 1862 aus
1536 1823 1621 1862 den
1650 1823 1798 1862 friiher
1827 1824 1872 1862 in
1902 1824 2076 1862 Umlauf
2105 1835 2178 1873 ge-

97 1897 260 1935 setzten
302 1894 588 1944 Exemplaren
631 1893 1041 1942 hineingekommen
1084 1900 1253 1942 waren,
1307 1905 1356 1933 so
1400 1894 1534 1933 bleibt
1578 1905 1626 1933 es
1669 1894 1780 1933 doch
1823 1905 1933 1944 ganz
1978 1895 2178 1934 unwahr-

97 1965 353 2014 scheinlich,
397 1965 483 2004 dass
521 1964 630 2004 Ovid
673 1964 744 2003 bei
782 1964 866 2003 den
902 1956 1194 2014 Anderungen
1232 1965 1309 2004 der
1343 1965 1501 2004 letzten
1539 1965 1743 2015 Ausgabe
1780 1965 1858 2004 der
1893 1966 2179 2015 Daphnesage

97 2035 194 2075 eine
222 2046 334 2074 neue
364 2035 559 2085 Fassung
586 2035 780 2084 gegeben
812 2035 955 2074 haben
986 2036 1121 2075 sollte.

238 2106 282 2154 2)
311 2107 430 2146 Fieri
460 2107 670 2156 potuisse,
706 2108 756 2145 ut
778 2108 908 2155 poeta
944 2117 1028 2156 per
1053 2107 1242 2146 amicum
1279 2106 1466 2156 aliquem
1505 2106 1750 2156 exemplum
1791 2107 1910 2154 illud,
1950 2110 2000 2146 ut
2042 2109 2179 2157 ipsius

98 2178 347 2228 sumptibus
366 2176 387 2226 (
385 2178 459 2216 ‘im
479 2177 798 2226 Selbstverlag’)
813 2178 1021 2227 prodiret,
1037 2179 1334 2217 mercennario
1355 2177 1612 2227 bibliopolae
1644 2179 1830 2217 traderet
1866 2176 1932 2227 (cf
1941 2178 2180 2217 CDziatzho

16 2254 19 2276 *²
95 2250 181 2288 sub
209 2248 514 2288 ‘Buchhandel‘
543 2248 812 2298 Pauly-Wiss
842 2248 910 2286 III
936 2249 1033 2295 980,
1063 2249 1162 2288 Birt
1187 2249 1280 2288 Abr
1307 2249 1338 2287 d
1363 2251 1442 2287 ant
1469 2249 1634 2288 Buchw
1662 2261 1693 2298 p
1723 2248 1853 2302 320),
1892 2249 1975 2289 hoc
2014 2251 2063 2288 ut
2091 2261 2178 2288 non

96 2320 334 2370 praefi-acte
362 2320 622 2369 negandum,
653 2320 712 2358 ita
738 2330 896 2369 parum
927 2320 1129 2359 credibile
1157 2323 1234 2359 est.

239 2391 281 2439 3)
313 2390 372 2440 Cf
395 2391 494 2430 trist
510 2391 581 2429 III
606 2391 646 2436 1,
679 2392 733 2430 65
749 2402 813 2440 sq,
847 2393 924 2431 ubi
953 2392 1105 2430 tertius
1138 2391 1343 2430 Tristium
1375 2391 1486 2430 liber
1511 2391 1569 2430 ad
1588 2390 1798 2441 templum
1821 2391 2036 2441 ApolIInis
2054 2391 2179 2430 Pala-

100 2462 182 2500 tini
208 2461 365 2500 ductus
392 2462 456 2500 sic
484 2462 700 2510 queritur:
738 2463 1001 2511 quaerebam
1029 2461 1183 2500 fratres
1213 2462 1404 2511 exceptis
1434 2461 1597 2500 scilicet
1625 2461 1725 2509 illis,
1755 2472 1865 2510 quos
1891 2473 1995 2500 suus
2016 2464 2180 2511 optaret

16 2562 22 2576 ,
98 2542 185 2571 non
214 2532 417 2585 genuisse
431 2535 571 2581 pater:
601 2544 630 2582 q
638 2544 667 2571 u
675 2544 700 2571 a
710 2544 733 2571 e
742 2545 764 2571 r
774 2544 798 2571 e
808 2544 836 2572 n
847 2535 895 2572 te
904 2544 948 2571 m
977 2533 1058 2571 fru
1068 2544 1088 2571 s
1099 2535 1146 2571 tr
1157 2542 1183 2571 a
1211 2534 1356 2574 custos
1371 2543 1395 2571 e
1417 2532 1591 2572 sedibus
1622 2532 1708 2571 illis
1732 2532 2002 2581 praepositus
2032 2534 2180 2571 sancto

99 2602 225 2642 iussit
253 2603 372 2642 abire
401 2603 517 2651 loco,
547 2615 602 2642 ex
628 2604 666 2642 P
687 2604 713 2642 I
738 2605 777 2652 1,
809 2606 836 2644 5
866 2604 1039 2653 publica
1068 2614 1157 2642 non
1186 2603 1346 2642 audent
1375 2601 1549 2655 (libelli)
1579 2603 1692 2642 intra
1721 2604 1988 2642 monimenta
2016 2603 2176 2641 venire.

240 2674 286 2724 4)
315 2675 427 2714 Nam
456 2676 595 2724 siquis
620 2676 735 2725 sorte
766 2675 1010 2724 bibliopola,
1043 2674 1087 2713 id
1114 2675 1233 2723 quod
1257 2675 1490 2720 nescimus,
1517 2677 1623 2724 post
1648 2677 1834 2713 mortem
1862 2675 2016 2723 poetae
2044 2684 2179 2711 ausus

101 2745 170 2783 est
196 2743 428 2784 editionem
454 2756 622 2795 parare,
651 2756 740 2785 non
772 2749 915 2785 tamen
946 2757 1008 2791 ea,
1046 2746 1207 2795 quippe
1241 2756 1351 2794 quae
1386 2756 1477 2784 non
1513 2746 1727 2784 niteretur
1753 2745 1961 2784 codicillis
1990 2745 2179 2783 auctoris

99 2816 179 2854 aut
204 2817 317 2854 certe
347 2816 471 2855 bonis
499 2818 544 2855 et
569 2818 825 2856 auctoritate
853 2817 1039 2866 quadam
1078 2816 1322 2865 insignibus
1342 2815 1563 2865 exemplis,
1593 2816 1700 2854 adeo
1731 2816 1902 2854 videtur
1924 2815 2178 2864 percrebru-

86 2885 206 2935 qisse‚
258 2888 308 2924 ut
353 2886 548 2937 exempla
593 2888 761 2936 privata
809 2899 899 2927 non
948 2888 1044 2926 dico
1094 2886 1366 2932 tollerentur,
1421 2887 1501 2925 sed
1552 2888 1923 2936 postponerentur
1970 2883 2042 2936 (cf
2083 2885 2180 2923 Birt

101 2958 194 2997 Abr
216 2969 249 3007 p
276 2955 396 3009 325).

245 3029 286 3076 5)
318 3028 375 3078 Cf
395 3030 570 3078 praeter
598 3028 842 3067 testimonia
876 3030 1050 3067 nostrae
1094 3029 1296 3067 editionis
1334 3028 1556 3067 REhwald
1582 3028 1652 3066 Ad
1679 3028 1905 3066 historiam
1935 3027 2177 3066 carminum

105 3098 413 3138 Ouidianorum
450 3099 828 3147 recensionemque
863 3098 1086 3148 symbolae
1123 3099 1149 3137 I
1173 3099 1221 3137 ΙΙ
1245 3098 1385 3147 Proqr
1413 3097 1552 3137 Gotha
1583 3099 1695 3137 1889
1725 3098 1838 3137 1892
1867 3100 1912 3136 et
1939 3108 2048 3147 quae
2078 3108 2178 3136 con-

99 3170 237 3219 yessit
262 3169 428 3208 Sdianz
457 3167 589 3208 Gesch
621 3170 652 3208 d
668 3170 763 3210 ro'm
785 3170 875 3208 Litt
900 3168 964 3208 II3
985 3171 1024 3218 1,
1054 3171 1151 3209 351.
1212 3169 1410 3219 querunt
1439 3171 1583 3219 iqitur,
1615 3171 1666 3208 ut
1682 3170 1860 3207 nomina
1880 3169 2091 3218 quaedam
2114 3170 2176 3206 in-

100 3240 242 3289 siqnia
268 3250 524 3290 proponam,
555 3240 930 3291 Metamorphoses
956 3241 1133 3289 Seneca,
1163 3241 1378 3287 Lucanus,
1409 3240 1599 3279 Valerius
1627 3240 1822 3286 Flaccus,
1852 3240 2069 3278 Homerus
2097 3239 2176 3277 La-

105 3310 236 3356 tinus,
278 3309 458 3356 Statius,
500 3310 727 3357 Martialis,
773 3311 1048 3361 Calpurnius,
1093 3312 1328 3357 Ausonius,
1372 3311 1645 3364 Ammianus,
1678 3311 1984 3356 Maximianus,
2028 3313 2181 3349 auctor

102 3379 308 3420 historiae
336 3380 567 3430 Apollonii.

245 3449 288 3500 6)
319 3450 378 3500 Cf
395 3453 572 3501 praeter
613 3453 858 3491 testimonia
903 3454 1051 3491 nostra
1098 3451 1283 3491 CPascal
1325 3453 1595 3492 Letteratura
1633 3452 1786 3491 Latina
1815 3450 2050 3490 medievale
2080 3449 2177 3496 (Ca-

107 3520 223 3564 tania
252 3521 381 3572 1909)
409 3532 441 3571 p
471 3519 587 3562 167¹.
647 3522 905 3562 MManitius
933 3523 1131 3572 Beitra’qe
1165 3535 1247 3562 zur
1275 3522 1517 3563 Geschichte
1554 3524 1630 3562 des
1662 3522 1840 3563 Ovidius
1881 3523 1972 3561 und
1998 3522 2182 3560 anderer

105 3591 200 3630 ffim
247 3591 554 3642 Schriftsteller
595 3594 653 3631 im
702 3593 956 3632 Mittelalter
997 3594 1097 3632 Phil
1123 3594 1267 3644 Suppl
1293 3594 1372 3633 VII
1398 3595 1522 3640 1899,
1557 3590 1738 3646 723l767
1769 3593 1830 3642 (et
1858 3604 1967 3642 quae
1996 3591 2083 3630 add
2109 3590 2180 3629 Lit

108 3660 197 3701 CBl
246 3662 357 3700 1900
385 3662 448 3712 Sp
495 3662 679 3714 1129s30
727 3664 981 3713 CWeyman)
1027 3675 1076 3703 ac
1120 3665 1272 3703 multis
1310 3665 1415 3704 locis
1454 3665 1646 3705 eiusdem
1678 3664 1787 3704 liber
1813 3662 2178 3712 locupletissimus
