2528 4088
2040 199 2169 237 XXXI

87 341 316 401 exstant,
357 342 418 389 ut
452 353 630 402 neque
673 340 826 388 casui
858 353 1036 402 neque
1073 339 1410 388 librariorum
1467 336 1681 386 libidini
1716 338 2017 399 tribuenda,
2069 341 2167 389 sed

87 427 167 476 sic
202 439 269 474 ex
302 426 532 487 antiquo
590 425 645 472 in
681 424 918 473 medium
955 438 1146 473 aevum
1204 424 1459 473 transisse
1507 421 1803 482 videantur,
1863 437 1924 472 ea
1964 425 2018 472 in
2056 425 2168 473 edi-

90 510 236 561 tione
270 523 497 559 servare.
571 509 684 558 scio
714 508 850 572 fore,
891 510 952 557 ut
985 508 1119 558 haec
1165 508 1318 568 ratio,
1374 508 1575 570 quippe
1612 521 1720 568 qua
1752 507 1933 570 forma
1991 510 2166 557 textus

85 595 416 658 aliquotiens
451 607 647 657 parum
675 595 930 642 constans
953 594 1305 655 aequalisque
1319 593 1434 657 fiat,
1471 606 1583 641 non
1610 592 1865 641 omnibus
1885 592 2163 655 probetur.

85 679 187 730 sed
218 679 325 729 alia
362 680 458 739 est,
495 679 547 727 si
591 692 677 727 me
712 678 886 738 audis,
935 680 1072 727 ratio
1114 678 1364 727 editionis
1413 678 1541 726 viris
1577 676 1765 737 doctis,
1812 678 1918 726 alia
1955 678 2167 727 scholae

87 766 143 814 et
189 764 376 827 pueris
438 764 731 813 servientis.
826 764 881 811 in
935 763 1283 812 adnotatione
1351 763 1619 811 levissima
1675 776 1924 824 quaeque
1979 763 2164 812 ortho-

85 849 349 913 ,qraphica
405 849 578 898 omisi.
652 849 839 897 notavi
892 850 1087 908 tamen,
1145 849 1240 897 ubi
1273 861 1303 896 e
1336 861 1394 896 re
1431 847 1726 907 videbatur,
1782 849 1843 895 ut
1898 848 1952 896 in
1990 850 2165 897 nomi-

84 934 249 983 nibus
282 934 534 997 propriis,
574 933 656 982 vel
685 947 715 982 e
746 947 850 995 pro
876 947 956 993 ae,
996 934 1013 981 i
1046 948 1148 996 pro
1179 949 1218 996 y
1253 933 1358 982 alia
1384 932 1664 981 eiusmodi.
1722 933 2021 995 conpendia
2049 934 2165 982 vul-

82 1020 229 1082 qata,
270 1017 452 1080 qualia
491 1018 546 1065 in
586 1016 737 1066 libris
767 1018 974 1079 passim
1015 1018 1377 1076 inveniuntur,
1409 1016 1733 1079 plerumque
1767 1016 1921 1077 solvi,
1960 1016 2164 1077 eadem,

87 1117 209 1153 cum
249 1103 436 1152 censui
469 1102 699 1151 alicuius
723 1116 840 1151 esse
862 1103 1125 1151 momenti
1145 1103 1295 1162 scire,
1338 1102 1516 1150 utrum
1542 1102 1774 1150 exstaret
1797 1102 2160 1164 conpendium

85 1201 269 1248 necne,
307 1188 519 1237 servavi
551 1189 619 1247 et,
659 1189 924 1249 quantum
957 1188 1080 1251 fieri
1109 1188 1336 1250 poterat,
1376 1187 1617 1235 imitatus
1652 1200 1795 1236 sum.

225 1272 426 1333 Restat,
484 1274 545 1321 ut
581 1286 701 1321 vere
755 1274 808 1320 et
843 1286 913 1327 ex,
960 1273 1144 1321 animo
1178 1272 1382 1335 qratias
1435 1284 1594 1334 aqam
1652 1272 1780 1320 viris
1825 1271 2012 1331 doctis,
2070 1273 2169 1333 qui

85 1371 173 1406 me
228 1358 283 1406 in
345 1357 449 1407 hac
503 1357 736 1406 editione
794 1357 1110 1406 adornanda
1166 1371 1325 1419 opera
1380 1358 1434 1405 et
1492 1356 1718 1406 consilio
1775 1357 2038 1405 iuverunt.
2114 1359 2168 1406 et

85 1443 351 1492 miserunt
407 1443 483 1492 ad
538 1457 626 1492 me
684 1443 801 1491 eius
867 1443 1160 1504 specimina
1234 1441 1622 1504 typoqraphica
1682 1441 2049 1491 emendatiora
2112 1443 2166 1490 et

81 1529 314 1591 eyreqiis
365 1527 830 1577 observationibus
882 1528 1039 1576 aucta
1094 1526 1364 1589 Rudolfus
1418 1525 1655 1574 Ehwald
1704 1527 1935 1586 amicus,
2010 1527 2166 1575 cuius

81 1627 220 1662 sano
258 1612 455 1661 iudicio
512 1613 567 1660 in
616 1611 706 1660 his
740 1612 903 1660 rebus
951 1611 1281 1674 permultum
1321 1611 1515 1671 tribu0,
1571 1610 1874 1659 Fridericus
1916 1610 2163 1671 Vollmer,

82 1698 182 1759 qui
231 1711 353 1746 cum
407 1697 514 1746 alia
570 1698 684 1744 tum
741 1697 1075 1745 coniecturas
1126 1697 1339 1758 aliquot
1391 1696 1669 1758 inqeniose
1722 1696 2055 1757 excogitatas
2110 1697 2166 1744 in

86 1782 324 1831 medium
357 1781 710 1845 proferendas
746 1780 886 1828 mihi
914 1781 1177 1843 permisit,
1216 1780 1440 1830 Carolus
1478 1780 1751 1842 Weyman,
1791 1780 1890 1841 qui
1915 1780 2165 1841 inprimis

87 1867 408 1916 testimoniis
460 1866 726 1929 auqendis
759 1867 969 1929 gratam
1020 1867 1403 1927 acceptamque
1448 1879 1665 1927 operam
1721 1864 1862 1913 mihi
1893 1864 2162 1927 praebuit.

84 1950 273 2000 eodem
310 1950 495 1999 animo
520 1950 744 1998 memini
776 1951 831 1998 et
852 1950 1165 1998 collationes
1199 1963 1330 1998 suas
1357 1949 1587 2011 benique
1622 1948 1763 1996 mihi
1785 1949 2165 2011 suppeditasse

86 2034 372 2098 Aloysium
430 2034 762 2097 Castiqlioni,
817 2034 1184 2083 Robinsonem
1239 2033 1390 2094 Ellis,
1444 2033 1738 2082 Henricum
1777 2034 1979 2096 Meyer,
2041 2034 2165 2098 Siq-

84 2120 351 2169 mundum
392 2119 553 2184 Tasel,
608 2120 935 2168 Fridericum
992 2119 1238 2180 Vollmer,
1295 2119 1578 2168 Scatonem
1635 2119 1702 2167 de
1742 2119 1905 2179 Vries,
1962 2121 2016 2168 et
2060 2133 2163 2180 me,

83 2219 208 2254 cum
246 2205 455 2254 codices
490 2206 788 2254 excuterem
824 2205 1064 2254 Berolini
1099 2206 1155 2254 in
1195 2204 1516 2254 bibliotheca
1553 2205 1718 2267 reqia,
1767 2204 2068 2254 Florentiae
2107 2206 2162 2253 in

85 2290 463 2350 Laurentiana,
501 2290 835 2339 dubitantem
872 2304 1032 2353 saepe
1068 2291 1445 2354 confirmatum
1484 2303 1615 2350 esse,
1666 2289 1774 2338 illic
1821 2289 1891 2337 ab
1929 2288 2161 2339 Aemilio

82 2375 299 2435 Jacobs,
336 2374 428 2423 hic
464 2375 534 2424 ab
569 2374 804 2424 Henrico
839 2375 1134 2438 Rostaan.
1210 2375 1438 2424 indicem
1485 2375 1770 2423 nominum
1810 2374 2042 2437 confecit
2078 2374 2160 2422 di-

90 2459 329 2523 ligenter,
369 2461 430 2508 ut
463 2459 616 2520 solet,
652 2456 857 2509 Paulus
892 2460 1076 2521 Klink,
1114 2460 1413 2523 discipulus
1449 2459 1577 2508 olim
1615 2459 2017 2508 dilectissimuS.

230 2543 399 2607 Opere
445 2544 683 2608 perfecto
738 2544 990 2594 laudatus
1042 2545 1260 2594 abunde
1313 2559 1419 2605 ero,
1475 2545 1526 2593 si
1577 2543 1762 2606 aliqua
1817 2543 1969 2592 dicar
2024 2545 2164 2593 recte

87 2630 368 2690 iudicasse,
400 2629 561 2692 plura
599 2629 900 2693 leqentibus
934 2631 1014 2679 sic
1048 2630 1344 2691 reliquisse,
1386 2631 1446 2678 ut
1479 2630 1618 2678 recte
1657 2629 1977 2678 iudicarent.

296 2741 869 2792 Berlin-Pankow
1638 2742 1832 2805 Huqo
1870 2742 2161 2804 Maqnus

49 2885 57 2899 ἡ,
84 2826 290 2890 Scripsi
322 2841 506 2877 mense
540 2827 835 2877 Novembri
867 2828 1008 2877 1913
