2580 4088
378 243 481 291 492
1084 243 1334 291 Armorum
1366 246 1594 290 iudicium.
1636 246 1774 290 Aiax.

376 387 632 452 interimo,
677 404 781 441 non
820 390 941 441 ante
978 390 1171 452 tamen,
1209 404 1367 456 quam
1405 389 1593 440 cuncta
1629 389 1774 456 coegi
2399 402 2476 445 245

378 472 590 540 prodere
628 474 680 526 et
717 473 918 537 edidici,
956 474 1080 540 quid
1119 472 1315 541 perfida
1351 472 1502 525 Troia
1538 475 1760 541 pararet.

379 556 554 609 omnia
590 572 869 624 cognoram
905 573 1017 622 nec,
1053 557 1190 624 quod
1224 556 1532 624 specularer,
1568 557 1828 613 habebam

381 643 433 694 et
467 642 574 694 iam
611 643 864 710 promissa
900 643 1134 710 poteram
1173 657 1294 694 cum
1330 642 1484 695 laude
1521 643 1729 696 reverti:

378 727 519 779 haud
557 728 830 780 contentus
870 742 927 779 eo
965 727 1092 795 petii
1128 726 1350 779 tentoria
1384 726 1547 780 Rhesi

378 813 535 880 inque
573 813 680 865 suis
717 812 891 879 ipsum
928 811 1111 864 castris
1150 811 1470 879 comitesque
1505 812 1723 881 peremi.
2403 827 2478 868 250

380 899 536 965 atque
572 897 647 949 ita
685 897 885 964 captivo
922 896 1087 949 victor
1123 896 1358 964 votisque
1396 897 1591 965 potitus

379 982 638 1049 ingredior
675 997 829 1034 curru
863 982 1028 1034 laetos
1064 980 1305 1034 imitante
1342 982 1659 1050 triumphos;

382 1068 529 1120 cuius
566 1082 724 1133 equos
761 1066 989 1131 pretium
1025 1081 1116 1134 pro
1153 1068 1305 1119 nocte
1338 1069 1644 1135 poposcerat
1678 1068 1859 1135 hostie,

380 1167 524 1205 arma
560 1153 747 1218 negate
782 1151 929 1216 mihi,
966 1151 1226 1219 fueritque
1263 1152 1535 1220 benignior
1571 1153 1726 1206 Aiax!

522 1236 658 1301 Quid
694 1235 847 1304 Lycii
883 1235 1105 1289 referam
1143 1236 1456 1304 Sarpedonis
1495 1238 1706 1305 agmina
1741 1237 1875 1291 ferro
2402 1249 2478 1291 255

380 1322 648 1375 devastata
684 1323 840 1374 meo?
913 1337 1034 1374 cum
1071 1323 1239 1374 multo
1276 1322 1528 1389 sanguine
1566 1322 1691 1387 fudi,
2324 1319 2326 1321 ’

380 1406 647 1461 Coeranon
682 1406 947 1474 Iphitiden
985 1408 1038 1459 et
1074 1407 1417 1475 Alastoraque
1457 1407 1864 1475 Chromiumque

379 1492 803 1559 Alcandrumque
840 1490 1162 1559 Haliumque
1200 1492 1572 1561 Noemonaque
1609 1493 1983 1561 Prytanimque

381 1578 635 1645 exitioque
673 1576 793 1630 dedi
830 1590 951 1629 cum
989 1576 1419 1631 Chersidamante
1456 1578 1668 1632 Thoona

381 1666 434 1716 et
470 1663 760 1730 Charopem
796 1661 1023 1729 fatisque
1059 1661 1333 1715 inmitibus
1371 1663 1646 1716 Ennomon
1684 1664 1861 1716 actum
2405 1673 2481 1714 260

381 1862 428 1891 on
447 1847 511 1901 2)s
539 1859 625 1890 nos
652 1802 1056 1900 M,e(i³;igi³1¹1ni11¹1¹1⁹nc
1101 1856 1187 1887 nos
1232 1844 1283 1887 N
1329 1844 1343 1899 ΙΙ
1394 1844 1576 1888 Ausum
1622 1844 1780 1889 eadem
1825 1844 1961 1890 nobis
2004 1845 2102 1901 Hs,
2146 1844 2478 1903 Ausurumque

382 1918 540 1963 eadem
561 1916 731 1974 Phryg.
762 1916 814 1959 in
835 1914 961 1959 Mser
976 1913 1096 1958 Diez
1118 1914 1235 1958 1075
1251 1914 1372 1957 idem
1413 1915 1427 1969 ΙΙ
1469 1928 1568 1958 sum
1599 1920 1752 1959 tamen
1783 1920 1830 1959 et
1859 1921 2216 1971 spreto—ausus
2246 1921 2292 1961 et
2319 1930 2480 1962 ausum

382 1990 540 2034 eadem
569 1989 703 2032 Korn
816 1986 904 2030 246
933 1990 979 2029 et
1007 1984 1155 2029 dedici
1184 1984 1221 2026 h
1258 1984 1272 2039 ll
1309 1984 1362 2041 cf
1373 1983 1492 2028 Ilias
1514 1985 1609 2029 Lat
1630 1986 1715 2029 727
1840 1985 1925 2031 247
1956 1999 2262 2043 cognoueram
2292 1987 2367 2031 M
2387 2003 2430 2043 μ
2459 1989 2476 2043 fl

379 2075 463 2105 nec
493 2059 618 2117 quod
647 2059 684 2102 h
705 2071 734 2103 e
754 2073 780 2113 ς
800 2057 875 2101 Hs
894 2056 1046 2113 vulyo,
1078 2068 1162 2100 nec
1196 2055 1306 2111 quid
1337 2058 1453 2106 (corr
1480 2059 1536 2110 μ)
1565 2058 1611 2099 Α
1645 2074 1681 2097 ω
1724 2056 1738 2112 ΙΙ
1777 2059 1856 2099 οὐκ
1888 2058 2011 2111 εἶχον
2034 2060 2107 2099 ὅτι
2127 2061 2243 2103 ποτὲ
2264 2055 2403 2100 πλέον
2423 2061 2483 2101 ἂν

379 2135 711 2184 κατοπτεύοιμι
729 2129 854 2172 Plan
969 2127 1058 2171 248
1089 2127 1334 2182 praemissa
1364 2139 1394 2172 e
1423 2141 1450 2183 ς
1470 2127 1558 2184 Hs,
1588 2128 1834 2183 promerita
1852 2128 1957 2172 eoni
1974 2127 2095 2172 idem
2208 2129 2297 2173 249
2325 2128 2481 2182 Hau(d

380 2217 436 2246 eoe
458 2209 477 2246 t
496 2216 543 2244 m
562 2201 607 2250 2)
628 2213 666 2244 c.
688 2213 743 2244 eo
764 2213 810 2255 p.
831 2198 1046 2250 tentori(a
1066 2196 1170 2242 rhes
1190 2198 1210 2242 i
1228 2211 1255 2240 r
1274 2212 1320 2241 m
1336 2197 1400 2253 2)i
1423 2197 1479 2240 F
1510 2198 1524 2254 ΙΙ
1548 2210 1601 2241 ea
1621 2197 1877 2255 cLanqerm
1896 2200 1942 2242 et
1954 2198 2105 2243 Medic
2120 2199 2196 2243 Hs
2215 2198 2349 2256 vulgo
2370 2198 2480 2243 olim

379 2272 464 2317 251
494 2270 721 2327 uobisque
740 2272 858 2324 (corr
877 2273 934 2324 n)
967 2269 1013 2312 O
1130 2268 1322 2325 253s‘254
1351 2269 1426 2312 del
1444 2268 1655 2325 Bentley,
1688 2269 1845 2314 Ovidio
1868 2271 2019 2314 tamen
2041 2269 2207 2314 tribuit
2232 2270 2285 2314 in
2304 2269 2481 2314 Phalar

377 2343 528 2400 praef
540 2342 608 2398 (ef
621 2342 665 2386 ib
676 2356 714 2397 p
737 2340 893 2393 LXX)
911 2354 950 2396 p
972 2339 1142 2386 XLIV
1169 2341 1289 2384 idem
1331 2340 1345 2395 Η
1386 2338 1526 2384 fuerit
1555 2345 1660 2396 (que
1688 2341 1780 2384 add
1809 2356 1856 2384 m
1884 2341 1930 2395 3)
1958 2341 2007 2394 h,
2044 2340 2284 2398 fueratque
2313 2341 2384 2385 vel
2410 2345 2480 2386 tu-

389 2414 580 2470 leritque
610 2427 637 2469 ς
673 2413 687 2468 ΙΙ
727 2412 845 2456 ferat
873 2411 985 2456 haec
1004 2416 1055 2455 ut
1076 2409 1260 2466 dignior
1279 2410 1408 2455 Aiax
1427 2410 1655 2465 Muretus,
1685 2410 1912 2468 fueritque
1933 2410 2004 2456 his
2024 2410 2208 2468 dignior
2226 2412 2296 2468 (cf
2305 2411 2392 2457 NJ
2394 2411 2478 2456 hbb

381 2485 506 2538 1850,
527 2484 586 2529 89
603 2482 854 2536 RDietseh)
875 2485 987 2538 post
1005 2482 1255 2527 Heinsium
1279 2482 1593 2538 Oapoferreus,
1625 2482 1869 2539 tuleritque
1890 2495 1944 2527 ea
1964 2482 2149 2538 dignior
2177 2485 2238 2527 A.
2269 2483 2373 2527 coni
2389 2483 2478 2538 Hs,

378 2556 609 2611 fueritque
638 2553 882 2609 benignior
908 2552 1079 2598 Hector
1104 2556 1214 2609 post
1248 2552 1531 2598 Gronoviwm
1560 2553 1794 2609 Koeppm,
1824 2555 1903 2598 secl
1931 2554 1986 2610 ef
2007 2553 2089 2598 101
2100 2567 2150 2609 sq
2263 2554 2351 2598 255
2377 2553 2479 2610 pilii

379 2630 496 2692 (ροντ’
523 2631 579 2676 η)
609 2624 690 2669 ref.
726 2624 771 2667 0
813 2624 827 2679 ΙΙ
865 2624 1135 2680 serpedonis
1166 2625 1204 2667 h
1355 2624 1442 2669 256
1470 2624 1693 2668 evanidus
1722 2625 1774 2668 in
1802 2638 1835 2668 τ
1975 2623 2060 2670 257
2090 2625 2155 2669 sic
2182 2638 2210 2680 ς
2234 2622 2278 2670 V
2298 2623 2432 2680 vulyo
2465 2625 2482 2679 ΙΙ

379 2698 606 2754 cesrasnon
644 2695 871 2752 iphitiden
910 2695 1082 2740 aletora
1122 2694 1229 2740 char
1269 2694 1551 2752 honiumque
1588 2695 1650 2749 N,
1698 2695 1940 2741 Coeranon
1980 2694 2207 2752 iphitiden
2243 2717 2253 2728 ·
2287 2694 2478 2739 aietora-

381 2781 469 2824 que
497 2767 807 2823 chronumque
836 2767 917 2820 M,
953 2765 1085 2811 Coer.
1117 2765 1210 2823 iph.
1245 2766 1509 2823 aictoraque
1531 2767 1627 2820 (sic)
1648 2765 1959 2823 chronumque
1986 2781 2038 2822 μ,
2073 2765 2282 2811 Ceranon
2301 2764 2479 2821 iphiten

379 2845 426 2884 et
453 2839 742 2894 alastoraque
771 2837 1083 2894 chronumque
1114 2837 1177 2891 F,
1209 2837 1823 2894 Ceramon—chronumque
1851 2838 1902 2892 h,
1941 2838 2163 2882 Ceramon
2191 2834 2479 2894 yphytide—

381 2912 673 2965 croniumque
695 2921 724 2954 e
759 2909 773 2964 ΙΙ
803 2907 1130 2964 Iphitidenque
1151 2908 1208 2953 al.
1230 2908 1273 2952 A
1311 2909 1326 2964 ΙΙ
1357 2908 1664 2965 alastora(que
1684 2913 1773 2963 om)
1793 2908 2106 2964 chronumque
2123 2920 2166 2963 τ,
2188 2906 2478 2962 alectoraque

379 2993 656 3036 cronumque
669 2992 715 3035 p
752 2980 766 3035 Η
799 2980 1036 3036 Κοίρανον
1052 2976 1288 3036 Ἰφιτίδην,
1303 2975 1568 3036 'Aleten-oya,
1589 2980 1809 3036 Χρόμιον
1827 2977 1951 3022 Plan
1987 2979 2001 3034 ΙΙ
2041 2977 2170 3023 Coer.
2192 2976 2478 3033 Hippasiden

380 3055 423 3095 et
455 3050 594 3095 Con-st
621 3049 850 3095 Fanensis
881 3052 925 3094 et
955 3049 1278 3107 Marianyelus
1306 3050 1553 3094 Aeenrsius
1608 3050 1622 3106 ΙΙ
1670 3048 1918 3094 Alastora?
1969 3048 2082 3104 quid
2121 3047 2477 3104 Chromiumque

393 3121 509 3167 Vincl
521 3135 558 3176 p
582 3121 662 3165 131
684 3120 832 3165 Bothe
945 3121 1031 3166 258
1051 3121 1397 3177 Alcadrumque
1415 3122 1496 3176 M,
1527 3120 1935 3176 Alchandrumque
1956 3118 2012 3162 F
2026 3119 2075 3176 h,
2096 3115 2477 3175 Alcandrumque

378 3194 473 3246 (sie)
503 3191 564 3246 R,
607 3192 957 3248 Leandrumque
986 3206 1022 3248 9
1068 3193 1082 3248 ΙΙ
1125 3191 1390 3249 haliumque
1418 3207 1446 3248 ς
1478 3210 1514 3233 ω
1544 3192 1692 3248 vulyo,
1723 3187 1875 3234 Ἄλιον
1903 3190 2042 3244 Plan,
2089 3189 2287 3246 alimque
2313 3203 2368 3244 μ,
2397 3187 2476 3233 ha-

379 3264 563 3319 lumque
591 3276 639 3319 9,
671 3262 901 3318 aliumque
930 3265 976 3306 A
1027 3263 1042 3318 ΙΙ
1083 3275 1402 3319 noemonaque
1431 3263 1493 3306 N
1517 3277 1544 3319 ς
1573 3262 1710 3319 Plan,
1742 3274 1999 3318 noemaque
2026 3261 2106 3315 M,
2135 3271 2393 3316 neomaque
2418 3274 2474 3314 μ,

379 3346 664 3390 nomonaque
693 3346 734 3389 e,
782 3346 1069 3390 nemonaque
1100 3334 1157 3377 F
1180 3333 1218 3376 h
1245 3346 1282 3389 9
1310 3332 1358 3377 R
1398 3334 1412 3389 ΙΙ
1459 3334 1780 3391 prytanimque
1810 3347 1838 3388 ς
1874 3331 1918 3377 V
1939 3331 2086 3388 Riese,
2122 3330 2474 3393 pritaffiqucssf,

2382 3396 2397 3420 1

379 3434 679 3490 pritanimque
705 3433 778 3476 M
800 3447 842 3487 μ
872 3432 931 3487 A,
961 3437 1303 3490 prytanquue
1333 3445 1373 3484 e,
1411 3432 1667 3487 pritanique
1702 3433 1762 3484 F,
1806 3430 2101 3487 pilanumque
2130 3429 2179 3485 h,
2215 3433 2475 3486 prytanam-

381 3517 468 3560 que
486 3518 530 3559 τ,
552 3502 924 3559 Prythanumque
945 3502 1005 3558 R,
1027 3503 1342 3560 Prytaninque
1361 3502 1486 3547 Plan
1501 3502 1576 3546 Hs
1595 3501 1726 3558 vulyo
1748 3501 1762 3556 ΙΙ
1783 3501 1838 3557 cf
1847 3502 1948 3544 Aen
1967 3499 2050 3543 IX
2061 3499 2149 3544 767
2229 3498 2320 3545 259
2339 3497 2475 3544 Cher-

380 3574 632 3619 sidamante
675 3588 703 3630 ς
746 3574 821 3618 Η8
864 3574 1009 3630 vulqu,
1057 3571 1399 3630 Θερσιὸἀμαντι
1441 3573 1579 3626 Plan,
1624 3571 1969 3628 pheridamante
2020 3569 2067 3614 0
2100 3584 2143 3624 μ
2185 3583 2263 3626 my
2297 3567 2472 3626 Gryph,

381 3644 705 3688 cresidamante
732 3658 763 3688 τ
794 3657 823 3690 e
846 3658 903 3703 y,
946 3644 1251 3690 residamante
1279 3646 1335 3688 F
1354 3644 1392 3688 h
1431 3645 1447 3700 ΙΙ
1489 3643 1681 3688 thoanta
1708 3643 1777 3695 N,
1816 3641 2023 3686 thodona
2060 3640 2109 3697 h,
2158 3642 2321 3684 Θέωνα
2347 3639 2472 3684 Plan

379 3712 467 3757 260
486 3713 726 3769 charopem
757 3715 881 3767 (item
901 3729 924 3759 e
952 3718 1055 3759 coni
1083 3715 1295 3772 Bentley)
1326 3717 1381 3760 N
1407 3729 1435 3771 ς
1474 3714 1553 3761 VA
1581 3714 1727 3770 Jahn,
1755 3714 1964 3770 Χάροπα
1993 3711 2130 3765 Plan,
2161 3710 2358 3767 charope
2384 3709 2470 3764 M,
