2580 4088
382 241 484 290 720
900 240 1126 286 Lactantii
1155 239 1330 286 Placidi
1361 239 1445 297 qui¹
1469 240 1633 286 dicitur
1659 242 1957 289 narrationes.

381 387 639 455 proditum
679 401 812 454 quae
850 384 968 454 post
1003 383 1099 436 viri
1123 383 1395 436 interitum
1431 399 1553 437 cum
1586 400 1641 438 se
1678 385 1734 437 in
1769 402 1956 440 nemus
1981 385 2258 441 Aricinum
2294 390 2477 443 contu-

381 472 545 540 lisset,
599 471 675 525 ibi
730 472 920 538 questu
972 468 1190 521 adsiduo
1237 467 1393 521 deflet
1436 484 1618 522 casum
1662 470 1757 523 viri
1811 470 2038 539 fatigans
2076 473 2319 543 Dianam,
2365 474 2477 528 eius

382 557 609 625 regionis
663 555 906 619 incolam,
952 553 1167 606 adsiduo
1210 553 1353 606 fletu.
1406 554 1685 608 novissime
1729 555 1975 610 lacrimae
2020 558 2132 611 eius
2180 558 2245 612 ab
2293 558 2477 614 eadem

384 643 481 696 dea
518 641 899 695 transmutatae
948 639 1072 691 sunt
1108 638 1164 690 in
1215 636 1430 702 fontem,
1485 639 1574 706 qui
1621 655 1683 692 ex
1727 640 1839 693 eius
1887 641 2100 695 nomine
2147 645 2479 712 nuncupatur

179 739 264 790 sab
293 735 360 779 47
387 728 575 795 Egeria
756 724 890 779 Cum
926 722 983 775 in
1020 724 1319 791 Tyrrhenia,
1373 739 1504 791 quae
1541 725 1722 792 postea
1757 724 1913 778 Italia
1958 726 2099 779 dicta
2135 729 2228 792 est,
2266 729 2479 796 quidam
2514 738 2541 782 5

385 814 557 866 arator
593 812 792 864 iustum
829 824 958 877 opus
995 809 1051 860 in
1089 807 1200 862 dies
1237 809 1493 874 redderet,
1527 825 1704 878 presso
1733 826 1938 864 vomere
1964 811 2206 879 glaebam
2242 813 2480 881 opinione

386 913 481 950 sua
524 896 942 965 ponderosiorem
995 893 1260 960 excitavit3
1319 894 1469 947 cuius
1515 894 1641 947 dum
1677 895 1949 949 miratione
1986 899 2322 964 premeretur,
2371 899 2482 951 ani-

386 982 666 1036 madvertit
702 996 820 1034 eam
857 979 915 1033 in
951 979 1174 1047 figuram
1199 980 1346 1048 pueri
1383 995 1497 1032 esse
1534 981 1958 1047 transmutatam,
2003 983 2106 1049 qui,
2143 982 2481 1037 Etruseorum

385 1067 566 1134 lingua
618 1067 784 1134 Tages
839 1066 1023 1134 postea
1075 1066 1314 1130 nomine,
1373 1064 1667 1118 futurorum
1723 1065 1997 1120 scientiam
2050 1067 2305 1121 inveniret

173 1164 260 1215 sab
290 1159 355 1203 48
386 1151 665 1215 Romulu3‚
714 1152 900 1204 Martis
938 1152 990 1204 et
1027 1150 1155 1203 Iliae
1191 1150 1346 1215 filine,
1394 1166 1515 1203 cum
1559 1152 1857 1216 venaretur,
1904 1167 1966 1205 ex
2012 1154 2189 1206 monte
2226 1153 2483 1206 Aventino
2519 1156 2568 1203 1⁰

386 1252 706 1305 persequens
745 1252 930 1306 aprum
955 1235 1245 1303 fugientem
1269 1236 1438 1288 iaculo
1463 1235 1588 1300 fixit,
1626 1236 1763 1304 quod
1800 1237 2035 1305 protinus
2071 1237 2127 1289 in
2164 1237 2294 1291 colle
2332 1237 2484 1291 Pala-

387 1320 500 1375 tino
536 1322 782 1375 haeserit.
849 1322 995 1374 locus
1034 1321 1145 1374 eius
1193 1321 1388 1374 montis
1427 1320 1610 1374 Scalae
1641 1321 1781 1386 Caci,
1830 1321 1978 1374 cuius
2015 1322 2125 1374 ima
2167 1337 2287 1391 pars
2324 1337 2499 1392 specu.

390 1407 518 1460 adeo
557 1407 805 1474 depressa
841 1407 1009 1460 terrae
1047 1409 1128 1459 est
1166 1408 1219 1459 et
1255 1406 1610 1474 conprehensa
1644 1406 1923 1459 radicibus,
1994 1406 2238 1460 effectum
2275 1409 2357 1460 est
2390 1422 2485 1460 no-

173 1506 262 1556 sab
293 1500 355 1543 49
389 1493 615 1558 vissime,
667 1494 728 1544 ut
783 1493 839 1544 in
877 1492 1115 1545 arborem
1160 1506 1375 1544 cornum
1422 1492 1746 1545 incremento
1795 1507 2041 1545 conversa
2077 1492 2147 1545 sit
2324 1492 2484 1561 Cipus
2577 1539 2580 1546 .

395 1578 661 1632 Genucius
699 1579 763 1631 ab
801 1577 950 1630 hoste
988 1577 1151 1641 victor
1174 1579 1437 1630 revertens
1462 1577 1768 1645 priusquam
1804 1578 2134 1646 triumphans
2170 1579 2374 1646 portam
2409 1577 2488 1630 in·
2524 1584 2572 1628 15

392 1664 568 1727 traret,
617 1661 983 1716 animadvertit
1026 1677 1222 1715 cornua
1267 1662 1368 1715 sibi
1411 1663 1466 1714 in
1509 1663 1830 1731 temporibus
1875 1665 2042 1716 enata.
2119 1678 2220 1731 quo
2255 1662 2487 1732 prodigio

395 1749 668 1802 exterritus
725 1748 1028 1816 haruspices
1083 1763 1205 1800 cum
1262 1748 1626 1816 consuluisset,
1669 1763 1977 1816 responsum
2029 1749 2123 1813 est,
2168 1763 2304 1814 eum,
2346 1748 2392 1802 si
2433 1748 2489 1800 in

392 1834 579 1886 urbem
597 1833 829 1897 intraret,
849 1835 1205 1900 regnaturum.
1233 1833 1369 1900 quod
1388 1833 1476 1886 ille
1497 1834 1764 1886 aversatus
1783 1834 2020 1902 patribus
2041 1833 2333 1887 convocatis
2351 1832 2491 1886 indi-

396 1918 551 1979 cavit3
579 1933 640 1971 ac
659 1934 780 1971 cum
800 1919 1115 1987 perstitisset
1129 1919 1325 1986 patriae
1344 1934 1635 1986 numquam
1657 1935 1711 1972 se
1737 1921 2021 1987 tyrannum
2038 1919 2289 1986 futurum,
2314 1919 2489 1972 decre-

395 2005 511 2056 tum
548 2005 628 2056 est
665 2003 713 2056 ei
750 2003 1112 2056 universorum
1149 2004 1362 2056 consilio
1387 2006 1596 2056 tantum
1623 2004 1756 2071 agri,
1798 2009 2054 2072 quantum
2079 2020 2182 2057 uno
2209 2004 2290 2057 die
2316 2004 2487 2057 aratro
2522 2009 2574 2052 2⁰

537 2130 565 2172 1
593 2128 805 2184 proditur
835 2129 1023 2186 que(ae)
1051 2129 1217 2173 habent
1243 2130 1296 2173 P
1320 2129 1371 2172 L
1400 2129 1453 2182 V,
1485 2143 1558 2173 om
1587 2128 1719 2185 vulyo
1847 2131 1877 2173 2
1906 2134 1960 2174 et‘
1981 2129 2047 2174 ibi
2077 2130 2130 2174 P
2147 2129 2162 2185 ΙΙ
2185 2127 2328 2174 deflet
2353 2129 2405 2173 L
2434 2128 2488 2182 V,

396 2197 573 2242 deflens
602 2200 665 2253 P,
696 2199 890 2245 deflevit
917 2200 1050 2256 vulyo
1099 2200 1114 2256 Η
1165 2199 1348 2244 dianam
1383 2201 1437 2244 P
1463 2201 1517 2255 V,
1548 2199 1727 2244 dianem
1756 2201 1807 2244 L
1919 2200 1949 2245 ὃ
1977 2200 2083 2245 Non
2110 2206 2161 2245 tn
2184 2200 2339 2257 agerie
2380 2199 2487 2256 (sie),

396 2269 545 2314 luctus
573 2265 632 2322 qd
664 2271 786 2327 (547)
816 2271 909 2315 add
936 2273 990 2316 P

538 2341 568 2385 5
596 2341 816 2386 tirrhenia
844 2342 908 2396 L,
938 2343 1101 2386 tirenia
1131 2343 1182 2386 P
1214 2343 1229 2399 ll
1253 2345 1429 2399 que(ae)
1459 2348 1621 2399 postea
1648 2341 1775 2386 italia
1804 2341 1926 2386 dicta
1945 2346 2015 2387 est
2042 2343 2096 2386 P
2119 2343 2183 2399 L,
2214 2354 2332 2398 quae
2352 2341 2488 2386 etiam

396 2412 563 2457 Tuscia
580 2412 722 2469 (dicta
735 2414 828 2457 add
843 2413 906 2467 V)
924 2419 993 2458 est
1008 2414 1196 2471 Vvulyo
1281 2414 1311 2459 6
1338 2426 1493 2470 presso
1514 2416 1716 2467 vomere]
1747 2414 1801 2471 cf
1810 2427 1947 2470 yeory
1962 2412 2028 2456 II
2036 2413 2126 2458 356
2206 2413 2236 2458 8
2264 2417 2491 2457 trimutata

397 2485 452 2528 P
492 2485 507 2540 ΙΙ
552 2484 632 2541 qui
662 2489 709 2528 et
743 2485 1014 2529 rusticorum
1042 2486 1096 2529 P
1234 2485 1264 2530 9
1291 2485 1518 2529 inueniret
1543 2486 1598 2529 P
1622 2485 1672 2528 L
1702 2485 1755 2538 V,
1785 2484 1964 2529 invenit
1991 2484 2125 2541 vulgo
2173 2484 2189 2540 ΙΙ
2238 2483 2303 2529 Vt
2328 2482 2491 2540 niphas

400 2555 552 2611 tetigit
580 2549 639 2607 Ἰό
666 2555 783 2608 (552)
814 2556 907 2599 add
935 2557 989 2599 P

542 2628 599 2670 11
627 2627 774 2672 iaculo
804 2628 867 2680 P,
906 2626 1103 2671 iaculum
1133 2627 1184 2670 L
1214 2627 1261 2673 V
1283 2626 1421 2683 vulyo
1471 2627 1487 2681 11
1535 2626 1641 2670 fixit
1666 2627 1729 2682 P,
1776 2625 1890 2670 focit
1924 2627 2019 2680 (sic)
2047 2626 2110 2682 L,
2146 2624 2258 2671 fecit
2284 2626 2340 2681 V,
2383 2625 2493 2672 iecit

398 2696 534 2753 vulgo
575 2698 590 2753 ΙΙ
632 2698 757 2755 quod
785 2706 904 2755 prot.
933 2699 987 2742 P
1013 2699 1066 2751 V,
1096 2699 1161 2754 q(i
1180 2713 1202 2741 e
1232 2699 1355 2754 qui?)
1385 2703 1503 2754 prot.
1523 2698 1585 2751 L,
1619 2697 1745 2754 quod
1774 2710 1876 2742 cum
1906 2703 2022 2754 prot.
2043 2697 2177 2754 vulyo
2217 2699 2233 2751 n
2271 2697 2420 2743 incole
2440 2698 2492 2742 L

402 2766 459 2810 12
487 2768 615 2813 locus
645 2769 744 2814 eius
773 2770 943 2814 montis
971 2769 1021 2813 L
1050 2769 1105 2823 V,
1134 2769 1260 2813 locus
1291 2769 1388 2813 eius
1418 2768 1725 2813 monumentis
1753 2769 1817 2820 P,
1857 2767 1960 2813 loco
1991 2768 2092 2813 eius
2119 2768 2291 2812 montis
2319 2768 2488 2826 vulgo!

401 2838 558 2883 Scalae
588 2837 694 2884 Caci
732 2839 801 2895 (ef
827 2840 1006 2896 Topoyr
1025 2841 1056 2883 d
1087 2840 1226 2885 Stadt
1253 2839 1374 2884 Rom
1401 2854 1433 2895 p
1453 2840 1511 2885 34
1532 2839 1615 2884 135
1637 2839 1888 2895 ORiehter)
1908 2839 2083 2895 scripsi,
2116 2838 2323 2884 Culetete
2341 2839 2436 2892 (sed
2455 2839 2494 2884 C

404 2908 590 2967 viryula
610 2910 891 2968 perfossum,
921 2915 976 2956 ut
1003 2914 1088 2956 aut
1116 2911 1139 2955 Ι
1168 2926 1225 2955 ex
1256 2911 1292 2956 G
1321 2911 1410 2966 (vel
1440 2910 1476 2956 C
1505 2924 1567 2955 ex
1595 2910 1633 2967 I)
1664 2911 1842 2967 factum
1870 2913 1956 2955 aut
1983 2909 2019 2954 O
2050 2908 2246 2954 deletum
2264 2909 2492 2963 videatur)

403 2981 467 3032 L,
498 2980 593 3024 cale
614 2995 745 3026 caece
763 2983 826 3035 P,
858 2982 1071 3027 scaletete
1091 2983 1146 3038 V,
1170 2982 1291 3026 scala
1312 2981 1435 3026 facta
1454 2981 1714 3026 Raenerius
1733 2982 1866 3038 vulyo
1889 2982 1903 3037 ΙΙ
1925 2994 2016 3025 una
2034 2982 2087 3025 P
2168 2981 2226 3027 13
2253 2981 2495 3038 depressus

405 3056 523 3096 terre
537 3052 590 3095 P
608 3053 623 3108 11
646 3058 693 3097 et
712 3053 1024 3108 conprehensa
1037 3054 1151 3098 PL
1167 3054 1218 3109 V,
1237 3059 1289 3097 ut
1303 3054 1363 3097 sit
1377 3066 1641 3109 comprensa
1656 3051 1914 3097 Raeneriua
1934 3051 2069 3109 vulyo
2145 3052 2202 3096 14
2217 3051 2494 3096 incremento

405 3122 458 3165 P
482 3122 546 3176 L,
576 3125 624 3166 in
655 3127 887 3168 cremento
918 3125 971 3178 V,
997 3138 1070 3168 om
1099 3124 1233 3181 vulyo
1283 3125 1298 3180 ΙΙ
1339 3136 1560 3169 conuersa
1588 3125 1641 3168 P
1667 3125 1720 3180 V,
1752 3136 1965 3168 concersa
1991 3123 2090 3176 (sie)
2116 3123 2180 3176 L,
2224 3134 2495 3167 conversum

405 3193 552 3249 vulyo,
581 3195 659 3237 sed
689 3194 822 3239 hasta
850 3208 953 3251 vooe,
981 3209 1096 3251 quae
1125 3198 1193 3240 est
1218 3196 1345 3252 apud
1377 3195 1602 3248 Ovidium,
1632 3195 1894 3239 obversatur
1922 3196 2078 3239 nostro
2100 3193 2116 3248 ΙΙ
2137 3192 2250 3249 th:
2280 3192 2496 3249 palatinis

401 3256 464 3314 Ἶό
491 3263 608 3318 (560)
636 3266 729 3308 add
757 3267 811 3310 P

548 3337 607 3380 14
637 3336 780 3392 Cipus
807 3338 873 3392 L,
918 3337 1071 3395 Cypus
1099 3339 1170 3392 P,
1220 3337 1392 3394 Cippus
1439 3336 1470 3382 V
1495 3337 1627 3393 vulgo
1742 3336 1800 3381 15
1830 3335 2059 3381 Genucius
2095 3335 2164 3392 (cf
2183 3334 2273 3381 Val
2299 3332 2422 3379 Max
2466 3332 2503 3379 V

404 3406 449 3459 6,
480 3405 525 3457 3)
556 3407 732 3463 scripsi,
763 3409 963 3464 genitius
991 3410 1045 3452 P
1071 3409 1124 3462 V,
1154 3408 1347 3453 cenitius
1374 3409 1439 3459 L,
1479 3407 1702 3452 Genutius
1730 3406 1864 3464 vulyo
2007 3406 2064 3451 16
2091 3404 2380 3450 animauertit
2406 3405 2493 3460 L!

410 3475 459 3518 in
479 3477 532 3519 P
556 3477 607 3520 L
635 3477 688 3531 V,
719 3492 792 3522 om
812 3479 957 3534 vulgo,
1095 3481 1206 3535 17sq
1237 3479 1275 3523 si
1306 3479 1368 3531 (in
1398 3482 1487 3532 om)
1517 3477 1676 3522 urbem
1705 3478 1759 3521 P
1882 3477 1940 3522 18
1971 3476 2095 3533 quod
2124 3474 2202 3519 1116
2229 3475 2373 3531 vulq0,
2405 3487 2498 3532 quo

411 3545 487 3589 1116
507 3547 559 3604 V,
592 3548 719 3603 quod
752 3575 763 3583 -
780 3562 840 3592 n·
875 3550 1009 3603 (alias
1028 3570 1084 3586 =
1105 3550 1240 3604 enim)
1260 3550 1323 3602 L,
1355 3562 1447 3606 quo
1478 3548 1617 3594 domo
1646 3548 1723 3592 1116
1751 3548 1805 3592 P
1842 3547 1857 3603 ΙΙ
1897 3551 2134 3610 aversatus
2163 3545 2310 3602 vu190‚
2339 3545 2499 3590 aduer-

414 3648 538 3688 satus
566 3646 620 3689 P
643 3646 695 3690 L
724 3647 771 3693 V
809 3649 824 3702 ΙΙ
866 3653 1143 3693 conuocatus
1170 3649 1221 3692 L
1336 3648 1394 3693 19
1420 3646 1673 3705 perstitisse
1701 3646 1755 3690 P
1800 3646 1815 3701 ΙΙ
1865 3612 1993 3702 patr¹e
2020 3645 2082 3699 Ρ,
2114 3656 2188 3688 om
2215 3644 2266 3687 L
2295 3644 2343 3691 V
2365 3644 2498 3702 vulgo

408 3713 472 3758 20
502 3726 638 3770 quam
668 3720 765 3761 tum
794 3719 844 3761 L
2568 3728 2571 3730 ’
