2580 4088
388 144 492 192 690
898 145 1123 191 Lactantii
1152 146 1323 218 lJlacidi
1353 145 1432 203 qui
1463 146 1630 192 dicitur
1657 147 1952 195 narrationes.
2538 146 2559 190 i

1303 443 1517 498 LIBER
1550 445 1628 498 XI

597 583 625 636 I
663 583 884 653 Serpens
920 584 975 636 in
1012 584 1240 653 lapidem

569 668 626 721 Π
662 668 794 723 Ceae
832 670 1098 723 matronae
1134 669 1190 721 in
1228 669 1426 738 species

544 752 627 806 III
663 753 947 807 Contactus
983 754 1156 807 Midae
1193 754 1248 806 in
1287 769 1472 807 aurum

514 837 623 891 IIII
662 838 905 891 Pactolus
943 838 1113 891 amnis
1149 839 1204 890 in
1241 839 1464 892 colorem
1503 840 1614 893 auri
2513 852 2536 893 5

572 923 619 976 V
657 923 828 975 Midae
866 938 1015 976 aures
1051 923 1106 975 in
1144 923 1275 976 asini
1314 938 1468 976 aures

544 1007 619 1059 VI
657 1008 732 1059 Ex
770 1008 966 1060 harena
1002 1008 1187 1061 obruta
1222 1008 1541 1062 harundines

515 1091 620 1145 VII
655 1092 932 1160 Neptunus
970 1094 1024 1145 et
1059 1093 1245 1161 Apollo
1281 1093 1337 1145 in
1373 1093 1609 1148 homines

489 1176 620 1229 VIII
657 1177 834 1230 Thetis
872 1178 1105 1246 nympha
1140 1178 1196 1231 in
1231 1178 1382 1247 plura

455 1262 614 1315 VIIII
651 1262 937 1316 Daedalion
971 1263 1026 1315 in
1063 1263 1328 1317 volucrem
2510 1275 2565 1339 103

565 1348 616 1401 X
651 1348 830 1416 Lupus
867 1348 923 1400 in
960 1364 1144 1402 saxum

530 1432 608 1486 XI
645 1432 785 1502 Ceyx
822 1434 874 1486 et
910 1434 1139 1501 Alcyone
1175 1434 1230 1486 in
1269 1449 1388 1487 aves
1426 1434 1508 1487 sui
1543 1433 1768 1487 nominis

511 1517 616 1570 XII
652 1517 888 1571 Aesacus
921 1519 976 1571 in
1012 1519 1274 1573 volucrem
1311 1535 1551 1587 mergum

189 1613 272 1663 sab
301 1611 325 1652 1
529 1602 780 1671 Orpheus,
808 1603 996 1672 Oeagri
1031 1604 1264 1657 fluminis
1297 1608 1349 1658 et
1374 1604 1630 1673 Calliopes
1667 1619 1848 1657 musae
1871 1604 2025 1672 filius,
2063 1618 2182 1657 cum
2205 1604 2474 1660 habuisset

386 1689 660 1755 coniugem
705 1690 915 1743 nomine
953 1690 1250 1759 Eurydicen
1296 1693 1348 1743 et
1391 1706 1508 1743 eam
1553 1691 1817 1743 amisisset
1862 1691 1916 1743 et
1964 1705 2086 1743 cum
2134 1690 2246 1743 sine
2296 1705 2358 1743 ea
2406 1691 2471 1744 ab
2509 1694 2557 1738 15

383 1773 563 1826 inferis
599 1774 832 1838 redisset,
871 1775 984 1842 lege
1026 1777 1238 1843 accepta
1275 1790 1306 1828 a
1341 1775 1579 1838 Plutone,
1617 1776 1684 1828 ad
1721 1790 1933 1844 superos
1963 1790 2029 1828 ne
2057 1775 2219 1828 talem
2244 1775 2474 1830 dolorem

382 1858 438 1910 in
485 1859 648 1911 altera
693 1859 1024 1927 experiretur,
1070 1860 1324 1927 puerilem
1373 1876 1604 1914 amorem
1650 1861 1850 1928 primus
1895 1860 2142 1914 instituit.
2204 1876 2363 1929 quam
2406 1861 2470 1914 ob

385 1958 597 1996 causam
653 1943 906 1997 Thressae
962 1945 1208 1998 mulieres
1266 1945 1545 1998 instinctae
1601 1946 1658 1997 in
1713 1946 1905 1998 abditis
1958 1945 2085 1998 locis
2139 1944 2472 1999 solitudinem

383 2029 625 2094 agentem
663 2030 869 2096 propter
907 2029 1220 2082 desiderium
1259 2031 1493 2097 coniugis
1529 2029 1903 2083 interfecerunt
1936 2032 2336 2099 separatumque
2360 2030 2472 2084 eius

383 2114 538 2180 caput
592 2129 623 2166 a
677 2114 875 2181 reliquo
932 2130 1141 2183 corpore
1196 2131 1318 2169 cum
1361 2116 1474 2184 lyra
1526 2116 1582 2167 in
1629 2131 1839 2169 amnem
1885 2115 2124 2169 Hebrum
2166 2116 2471 2185 praecipita·
2509 2120 2559 2162 2⁰

380 2199 582 2263 verunt,
621 2215 712 2267 per
749 2214 906 2266 quem
942 2200 998 2251 in
1034 2215 1177 2253 mare
1217 2201 1449 2253 delatum
1486 2202 1539 2253 et
1574 2200 1697 2253 hinc
1721 2201 1776 2252 in
1809 2201 2037 2253 insulam
2062 2200 2309 2254 Lesbum.
2351 2215 2473 2254 cum

382 2282 466 2335 hic
530 2283 786 2337 haesisset
852 2286 907 2337 in
979 2286 1127 2339 litore
1191 2302 1504 2354 serpensque
1579 2302 1756 2339 morsu
1821 2286 2131 2353 sanguinem
2199 2286 2470 2349 lamberet,

388 2369 692 2438 priusquam
730 2370 904 2423 vult-us
943 2371 1054 2424 eius
1093 2372 1378 2440 appeteret,
1416 2372 1480 2424 ab
1519 2371 1782 2440 Apolline,
1820 2371 1960 2425 Iovis
1997 2372 2050 2424 et
2085 2371 2316 2424 Latonae
2352 2371 2472 2435 filio,

514 2485 597 2539 Lib
623 2519 631 2526 ·
658 2495 723 2538 X1
751 2519 760 2528 ·
795 2496 875 2549 M,
906 2495 1109 2553 Explicit
1136 2496 1253 2541 liber
1271 2496 1315 2540 X
1334 2496 1501 2552 Incipit
1520 2497 1588 2541 XI
1616 2508 1658 2540 n
1693 2496 1709 2552 fl
1749 2495 1878 2540 tituli
1908 2499 2048 2541 totius
2079 2496 2185 2541 libri
2212 2496 2284 2541 hie
2313 2497 2472 2542 omissi

380 2569 635 2620 sequuntur
665 2570 773 2622 post
808 2567 885 2624 fab
914 2567 947 2611 2
970 2568 1022 2612 in
1059 2568 1120 2611 N
1227 2569 1257 2612 4
1285 2568 1406 2613 mide
1434 2568 1506 2611 M
1537 2569 1552 2622 ΙΙ
1595 2567 1816 2612 Contacta
1846 2581 1873 2612 a
1901 2567 2026 2612 Mida
2056 2572 2104 2612 et
2130 2580 2267 2612 arena
2293 2566 2470 2612 Pactoli

380 2637 429 2680 in
473 2650 631 2681 aurum
670 2637 821 2694 (titulo
851 2638 978 2683 IIII
1010 2639 1190 2693 omisso)
1228 2639 1362 2696 vulgo
1504 2639 1534 2684 6
1570 2639 1678 2695 ls(au
1717 2651 1817 2682 eras
1854 2637 2172 2691 videtur)mide
2200 2651 2332 2684 aures
2359 2639 2431 2683 M
2457 2639 2473 2695 ss

2101 2695 2124 2731 3

2101 2738 2176 2773 uba

380 2791 510 2823 aures
539 2779 655 2824 asini
684 2781 739 2824 N
843 2781 867 2824 ’ἶ
898 2794 955 2824 ex
985 2779 1153 2825 harena
1191 2781 1357 2826 obruta
1387 2805 1401 2814 ·
1433 2778 1684 2823 harundine
1714 2781 1782 2836 N,
1824 2793 1879 2825 ex
1909 2779 2078 2825 harena
2108 2780 2274 2825 obruta
2300 2779 2349 2822 in
2368 2779 2469 2825 har-

380 2850 595 2895 undinem
624 2850 732 2894 inde
758 2865 860 2895 corr
887 2863 929 2895 η
970 2852 984 2907 ΙΙ
1028 2851 1212 2896 Cannae
1241 2852 1424 2897 vocales
1453 2852 1589 2908 vulyo
1640 2852 1654 2907 ΙΙ
1704 2851 1999 2896 harundinem
2031 2853 2078 2898 V
2170 2852 2229 2897 10
2256 2850 2469 2896 Sedalion

379 2921 459 2973 Μ,
488 2920 705 2965 Dedilion
727 2923 786 2965 N
894 2922 952 2966 12
981 2922 1152 2967 altione
1181 2923 1262 2979 M,
1292 2923 1463 2968 alcione
1492 2923 1552 2966 N
1689 2922 1746 2968 13
1776 2922 1963 2967 esachus
1992 2923 2054 2967 N

523 2991 715 3047 Serpens
745 2993 792 3037 in
821 2994 1016 3050 lapidem
1046 2995 1145 3038 sine
1174 3008 1364 3039 numero
1386 2997 1498 3050 post
1527 2993 1687 3038 titulos
1719 2993 1825 3037 libri
1851 2994 1923 3036 M
2070 2995 2127 3038 14
2157 2994 2313 3050 Oeagri
2341 2993 2469 3038 tilius

380 3062 542 3107 inisset
567 3063 780 3119 calliopes
811 3065 871 3107 N
979 3065 1035 3109 15
1065 3065 1296 3110 euridicen
1316 3066 1388 3108 Μ
1422 3066 1436 3121 ΙΙ
1478 3064 1720 3121 almisisset
1747 3065 1828 3118 M,
1858 3065 2130 3109 ammisisset
2157 3065 2218 3109 N
2324 3063 2383 3110 16
2410 3077 2469 3109 ne

382 3147 518 3191 talem
549 3149 602 3204 V,
634 3148 829 3193 natalem
865 3148 911 3192 0
1024 3151 1079 3194 17
1109 3149 1155 3192 in
1188 3150 1329 3194 altera
1358 3149 1405 3196 V
1426 3149 1573 3205 culpo,
1603 3122 1799 3204 inalt‘d'(
1819 3152 1935 3197 eras)
1964 3150 2044 3203 M,
2075 3149 2124 3193 in
2154 3148 2341 3194 alteram
2371 3149 2434 3193 N
2446 3151 2461 3201 ii

380 3217 552 3273 primus
597 3217 634 3263 V
655 3219 799 3276 vulyo,
843 3219 971 3275 prius
1000 3220 1082 3273 M,
1121 3234 1193 3264 om
1237 3221 1299 3264 N
1437 3220 1491 3265 18
1520 3220 1741 3265 Thressae
1787 3221 1839 3273 V,
1883 3225 2053 3264 tressae
2082 3220 2150 3274 N,
2193 3219 2344 3265 therse
2385 3219 2465 3276 M,

932 3277 1176 3311 absconditis2

382 3315 617 3362 Threiciae
638 3317 855 3373 Micyllus
898 3320 912 3375 ΙΙ
946 3320 1164 3363 inabditis
1192 3320 1259 3362 M
1323 3319 1437 3374 19sq
1461 3324 1668 3375 agentem
1692 3323 1741 3373 (s.
1764 3320 1890 3376 pljlte
1908 3333 2003 3363 eser
2022 3333 2068 3362 m
2088 3318 2129 3371 2,
2149 3318 2266 3363 3-4
2285 3318 2463 3364 litterae

380 3388 608 3441 evanidae)
639 3390 708 3431 M
746 3390 760 3444 ΙΙ
797 3390 893 3434 eius
923 3395 1059 3445 caput
1091 3390 1150 3440 0,
1180 3396 1317 3446 caput
1346 3391 1442 3434 eius
1487 3390 1522 3435 V
1545 3391 1678 3447 vulyo
1763 3391 1822 3436 20
1850 3391 2065 3436 hebreum
2095 3391 2156 3434 N
2233 3391 2348 3445 2lsq
2377 3390 2462 3435 les-

380 3457 488 3501 bum
520 3459 644 3514 quod
674 3473 774 3504 cum
805 3460 878 3504 hic
907 3460 1067 3506 esisset
1095 3462 1156 3504 N
1206 3461 1264 3505 22
1292 3474 1566 3518 serpensque
1596 3462 1637 3508 V
1663 3462 1807 3519 vulgo,
1837 3475 2020 3519 serpens
2051 3475 2153 3518 quae
2171 3462 2251 3518 M,
2281 3460 2462 3518 sedosq'

381 3542 474 3592 (sie)
504 3543 564 3585 N
608 3543 622 3597 11
672 3545 937 3600 sanguinem
981 3546 1035 3601 V,
1079 3521 1423 3603 sanguin5²M,
1468 3546 1691 3603 sanguine
1719 3548 1781 3591 N
1919 3546 2033 3602 233q
2070 3551 2117 3591 et
2144 3547 2325 3592 alatone
2352 3546 2420 3589 M
2447 3545 2463 3599 ΙΙ

379 3611 619 3665 filio—est}
652 3614 821 3658 abscisa
851 3616 902 3659 in
931 3617 984 3659 N
