2580 4088
363 222 467 270 638
880 223 1106 268 Lactantii
1135 221 1309 267 Placidi
1341 222 1419 277 qui
1449 221 1612 265 dicitur
1640 222 1933 267 narrationes.

359 365 514 419 Horis
560 366 797 418 iunctum
845 365 1162 418 conscendit.
1212 364 1424 416 monitis
1473 364 1649 430 itaque
1700 365 1987 416 inst-ructus
2023 365 2185 432 patris
2221 381 2312 434 per
2347 366 2447 420 iter

357 451 595 518 ignotum
641 466 762 503 cum
798 450 945 517 equis
983 450 1148 502 obniti
1184 447 1474 516 nequisset,
1526 448 1645 515 equi
1681 449 1858 515 ignoto
1895 449 2146 516 agitatore
2184 452 2449 504 conterriti

361 536 544 589 mundi
580 551 796 604 pronam
833 536 1036 603 partem
1074 533 1352 601 petierunt.
1404 534 1742 600 quamobrem
1779 549 1900 586 cum
1938 537 2126 588 cuncta
2150 536 2449 589 mortalium

358 622 538 674 ardore
577 621 749 674 subito
786 619 1215 688 proflagrantium
1250 618 1651 671 incenderentur
1687 633 1718 671 a
1740 617 1964 686 Ioveque
2001 634 2153 688 opem
2189 620 2447 689 inploran-

355 710 435 759 tes
481 707 738 774 peterent,
776 720 840 757 ne
878 704 1017 756 orbis
1055 705 1313 756 terrarum
1351 701 1716 770 conflagraret,
1752 702 2023 756 Phaethon
2061 702 2277 758 fulmine
2313 704 2450 758 ictus
2486 719 2511 758 5

354 794 408 845 et
454 807 481 844 e
527 805 681 843 curru
729 789 1097 858 praecipitatus
1146 789 1247 853 est3
1300 789 1456 855 atque
1502 788 1577 840 ita
1614 788 1819 841 liberati
1857 789 1978 856 equi
2013 789 2235 843 vinculis
2273 789 2448 856 agnito

88 885 171 935 fab
191 884 224 926 2
244 890 282 926 et
298 884 327 926 3
355 877 539 929 itinere
576 876 639 929 ad
679 890 828 927 suam
865 874 1144 926 stationem
1167 873 1359 926 reversi
1385 874 1509 926 sunt
1677 873 1887 928 Sorores
1912 873 2257 928 Phaethontis
2281 873 2444 927 Phae·

352 962 523 1025 thusa,
571 960 855 1028 Lampetie,
892 958 1103 1011 Phoebe
1152 973 1333 1010 casum
1370 957 1547 1011 fratris
1585 958 1710 1011 dum
1748 957 1962 1026 deflent,
2000 958 2214 1013 deorum
2249 959 2447 1012 miseri-

353 1046 526 1099 cordia
560 1047 614 1097 in
652 1046 858 1097 arbores
895 1044 1113 1112 populos
1149 1045 1383 1096 mutatae
1411 1045 1550 1097 sunt.
1599 1044 1845 1097 lacrimae
1872 1059 2067 1108 earum,
2104 1045 2165 1098 ut
2188 1044 2446 1098 Hesiodus

350 1133 403 1184 et
439 1129 711 1198 Euripides
747 1129 994 1189 indicant,
1031 1129 1086 1181 in
1125 1129 1376 1182 electrum
1414 1144 1688 1182 conversae
1707 1169 1710 1173 -
1727 1130 1851 1182 sunt
1885 1143 1946 1182 ac
1969 1130 2178 1184 fluxisse
2204 1129 2447 1183 dicuntur
2485 1141 2532 1183 ιο

178 1226 259 1274 fab
289 1223 319 1265 4
529 1217 762 1285 Cygnus,
807 1214 1043 1268 Stheneli
1098 1214 1251 1283 filius,
1306 1216 1543 1267 materno
1591 1229 1777 1282 genere
1815 1215 2130 1269 Phaethonti
2165 1218 2444 1285 proximus,

349 1318 467 1355 cum
506 1302 775 1369 Liguriam
811 1301 1060 1354 incoleret
1097 1301 1149 1353 et
1185 1300 1241 1352 in
1276 1299 1390 1368 ripa
1426 1299 1640 1353 Eridani
1677 1301 1864 1367 amnis,
1905 1316 2062 1369 quem
2099 1301 2312 1370 quidam
2347 1301 2444 1356 Pa·

348 1387 474 1440 dum
511 1389 717 1453 vocant,
757 1402 878 1439 cum
916 1385 1134 1438 vidisset
1170 1401 1355 1454 corpus
1392 1385 1734 1439 Phaethontis
1773 1401 1804 1439 a
1842 1386 2102 1439 sororibus
2139 1387 2250 1440 eius
2287 1385 2443 1455 ablui,

346 1475 458 1540 pari
495 1472 791 1526 calamitate
829 1473 909 1524 est
949 1486 1248 1524 concussus.
1298 1471 1416 1539 plus
1455 1471 1596 1523 enim
1632 1471 1769 1524 iusto
1808 1471 2043 1524 deflendo
2067 1471 2342 1541 propinqui
2364 1472 2442 1524 in-

346 1558 559 1610 teritum
598 1558 809 1610 deorum
844 1556 1113 1608 voluntate
1150 1556 1206 1608 in
1244 1556 1508 1609 volucrem
1537 1571 1767 1624 cygnum
1793 1557 1936 1620 abiit,
1975 1556 2064 1624 qui
2087 1572 2301 1625 perosus
2327 1572 2440 1611 cae·
2481 1569 2527 1610 15

347 1643 494 1696 lestis
546 1643 692 1710 ignes
741 1641 956 1709 paludes
1013 1656 1074 1693 ac
1122 1639 1354 1705 flumina,
1411 1641 1601 1709 quibus
1661 1641 2024 1706 insenesceret,
2084 1643 2166 1695 est
2218 1643 2440 1696 secutus.

86 1735 162 1783 fab
182 1734 212 1774 5
229 1738 268 1775 et
292 1733 319 1775 6
349 1728 637 1780 Phanocles
673 1727 728 1778 in
767 1725 1111 1794 Cupidinibus
1149 1728 1327 1778 auctor
1479 1724 1710 1795 Iuppiter
1746 1742 1866 1779 cum
1903 1726 2150 1794 reliquias
2198 1729 2441 1782 torrentis

344 1814 483 1879 ignis
508 1813 917 1881 persequeretur,
954 1813 1015 1864 ut
1048 1811 1406 1864 laborantibus
1445 1827 1596 1879 opem
1620 1811 1778 1864 ferret
1801 1811 2123 1876 mortalibuS‚
2158 1827 2281 1866 cum
2305 1813 2442 1867 circa

345 1897 701 1950 Nonacrinum
735 1901 967 1948 montem
995 1895 1263 1959 Arcadiae,
1298 1896 1352 1948 in
1394 1911 1495 1963 quo
1533 1896 1740 1963 genitus
1778 1896 2117 1962 existimatur,
2153 1900 2440 1968 vagaretur,

341 1982 396 2033 in
433 1982 700 2046 CallistuS,
736 1981 992 2049 Lycaonis
1031 1981 1185 2044 filiae,
1231 1981 1416 2033 incidit
1454 1996 1697 2034 amorem.
1759 1982 1843 2034 cui
1881 1997 2002 2034 cum
2039 1997 2217 2050 preces
2255 1983 2318 2037 de
2355 1999 2439 2038 ex·
2475 1994 2525 2035 20

342 2067 604 2135 plemento
653 2066 894 2119 desiderii
949 2067 1031 2119 sui
1083 2066 1399 2119 admovisset
1445 2065 1823 2133 frustratasque
1868 2082 2019 2120 voces
2067 2082 2190 2121 suas
2238 2068 2439 2122 intelle·

341 2152 523 2216 xisset,
559 2154 677 2204 astu
714 2166 831 2204 eam
868 2151 1026 2204 subit.
1100 2152 1158 2203 in
1194 2151 1393 2203 Dianae
1434 2166 1661 2219 namque
1699 2166 1880 2204 sexum
1918 2167 1972 2204 se
2009 2153 2188 2206 reiecit
2223 2169 2285 2207 ac
2320 2153 2439 2207 fati-

482 2280 508 2320 1
538 2277 782 2322 instructus
801 2290 874 2321 om
894 2278 949 2321 N
1091 2278 1177 2331 189
1207 2289 1307 2321 cum
1336 2289 1419 2332 per
1437 2277 1465 2319 i.
1487 2276 1581 2331 ign.
1601 2276 1734 2333 wlyo
1774 2277 1790 2331 ΙΙ
1841 2289 1941 2320 cum
1972 2277 2103 2333 equis
2130 2278 2204 2321 M
2227 2277 2276 2332 V,
2306 2280 2436 2336 equis

339 2348 485 2404 vulqo,
516 2348 645 2405 equis
667 2362 739 2392 om
757 2348 810 2391 N
842 2348 856 2403 ΙΙ
896 2355 942 2392 et
962 2347 1069 2404 equi
1090 2348 1151 2391 N
1229 2348 1259 2392 4
1288 2347 1441 2392 subito
1473 2347 1570 2392 ard.
1600 2348 1662 2391 N
1693 2348 1708 2401 ΙΙ
1750 2346 2084 2403 proflagrantia
2114 2348 2160 2395 V
2238 2350 2323 2405 48q
2351 2350 2434 2394 im·

338 2418 623 2474 plorantibus
651 2418 834 2469 ferren'l
866 2419 927 2462 N
1036 2419 1066 2463 6
1095 2431 1122 2462 a
1153 2431 1283 2463 curru
1313 2418 1374 2462 N
1419 2419 1433 2474 ΙΙ
1476 2417 1608 2462 liberi
1637 2419 1692 2462 N
1735 2419 1750 2474 ΙΙ
1800 2432 1828 2462 a
1856 2419 1973 2462 uinc.
2005 2418 2067 2462 N

481 2491 562 2545 'qu
593 2489 949 2534 Sorores—mut.
980 2493 1101 2542 sunt]
1133 2489 1266 2534 habet
1294 2490 1361 2543 N,
1405 2490 1562 2533 eadem
1599 2490 1698 2533 sine
1729 2489 1878 2546 titulo,
1908 2489 1986 2533 sed
2014 2490 2155 2534 unius
2184 2505 2337 2537 versus
2365 2493 2436 2537 in·

339 2562 548 2613 terstz'tio,
590 2564 699 2616 post
730 2561 817 2606 324
863 2562 914 2605 in
965 2564 1100 2605 textu
1147 2561 1221 2605 M
1245 2560 1292 2616 V,
1344 2574 1520 2606 sorores
1563 2560 1800 2618 phetontis
1837 2563 1886 2605 in
1921 2561 2118 2618 populos
2147 2562 2167 2606 i
2193 2576 2271 2619 my
2313 2574 2374 2607 m
2417 2563 2433 2618 {l

338 2631 572 2686 phetontis
587 2631 782 2688 phetusa
800 2631 858 2683 Ο,
875 2631 1178 2677 Phaethontis
1193 2631 1416 2688 phaetusa
1436 2632 1529 2685 (sic)
1547 2632 1592 2678 V
1643 2632 1672 2677 8
1693 2633 1722 2685 (l
1743 2645 1799 2676 ex
1819 2633 1836 2676 i
1855 2633 2023 2687 m2)am
2044 2633 2181 2688 petiae
2198 2634 2273 2678 M
2286 2637 2301 2686 u
2325 2633 2432 2678 dum

338 2703 502 2747 flerent
519 2704 581 2747 N
659 2704 747 2759 9sq
766 2702 1263 2755 lacrimae—dicuntur]
1276 2706 1390 2759 post
1408 2703 1500 2748 363
1515 2703 1645 2747 nullo
1666 2703 1802 2748 titulo
1821 2707 1907 2748 aut
1924 2717 2115 2748 numero
2134 2705 2186 2748 in
2207 2707 2338 2750 textu
2350 2706 2432 2764 M,

336 2774 469 2818 habet
506 2773 556 2829 V,
586 2789 659 2819 om
689 2775 764 2830 (ex
791 2774 850 2818 sil
878 2774 954 2828 N)
982 2774 1116 2831 vulyo
1239 2774 1296 2818 10
1324 2780 1431 2818 sunt
1459 2787 1512 2819 ac
1539 2773 1729 2819 fluxisse
1759 2774 1971 2819 dicuntur
1997 2774 2228 2819 haesitans
2254 2775 2431 2833 scripsi,

336 2851 442 2888 sunt
478 2844 566 2889 hoc
605 2844 744 2889 fuisse
783 2845 941 2889 dicunt
978 2846 1058 2901 M,
1108 2851 1216 2889 sunt
1252 2858 1304 2889 ac
1332 2844 1492 2889 fluisse
1531 2844 1688 2889 dicunt
1725 2844 1766 2890 V
1810 2846 1825 2901 ΙΙ
1875 2858 1928 2890 ac
1955 2844 2147 2890 fluxisse
2176 2846 2288 2903 imy
2309 2847 2431 2900 (ml)

334 2915 508 2959 additis
535 2916 683 2972 siquis
715 2933 742 2958 α
772 2933 799 2957 α
827 2930 970 2971 supra
993 2915 1148 2969 hoc(in
1178 2918 1320 2968 textu)
1352 2918 1397 2960 et
1425 2929 1478 2960 ac
1497 2916 1532 2966 (i
1550 2918 1643 2972 my)
1662 2916 1736 2960 M
1767 2917 1782 2972 ΙΙ
1817 2921 2018 2961 mutatae
2038 2915 2219 2960 succina
2247 2916 2431 2961 flevisse

336 2985 556 3030 dicuntur.
615 2987 822 3031 lacrimae
851 2992 1174 3031 earum—sunt
1205 2999 1454 3031 conversae
1483 2986 1662 3038 (collato
1694 2985 1804 3031 Serv
1833 2988 1892 3031 ad
1922 2986 1985 3031 ecl
2014 2987 2082 3033 V1
2103 2987 2175 3041 62
2203 2986 2430 3032 Munclcer

476 3058 531 3100 11
540 3071 589 3112 sq
611 3058 709 3101 sine
726 3057 874 3114 titulo,
894 3058 973 3102 sed
990 3058 1134 3102 unius
1149 3071 1303 3102 versus
1318 3056 1568 3103 interstitio
1582 3060 1688 3113 post
1705 3057 1792 3103 366
1807 3058 1873 3102 M
1931 3059 1986 3102 11
2009 3058 2059 3111 (C
2080 3058 2173 3102 add
2191 3057 2426 3114 mZIgnus

334 3126 485 3214 sternii2
507 3170 578 3214 M
610 3172 625 3224 ΙΙ
658 3168 935 3215 Phaethonti
966 3172 1019 3224 V,
1053 3170 1277 3227 phaetonti
1295 3171 1376 3222 M,
1396 3170 1606 3227 phetouti
1626 3171 1687 3214 N
1767 3170 1824 3216 13
1854 3169 2121 3215 Phaetontis
2149 3171 2204 3224 V,
2233 3169 2425 3226 pheton-

334 3240 392 3283 tis
417 3239 462 3282 O
497 3240 512 3296 ΙΙ
548 3240 700 3284 abluia
718 3242 817 3296 pari
836 3241 893 3284 N
971 3243 1028 3286 14
1059 3247 1130 3286 est
1158 3256 1232 3286 om
1261 3242 1322 3286 N
1349 3243 1364 3297 ΙΙ
1403 3241 1528 3286 iusto
1558 3255 1631 3285 om
1658 3241 1718 3285 N
1807 3242 1919 3297 1539
1948 3240 2101 3303 celesti
2131 3240 2263 3296 signo
2294 3243 2327 3294 (1
2355 3246 2425 3286 ste·

332 3310 439 3364 igne
465 3323 559 3354 θεον
577 3314 653 3363 m)
686 3311 731 3354 0
818 3313 873 3356 17
901 3311 1148 3368 phanocles
1179 3313 1234 3367 (s.
1265 3318 1303 3366 e,
1333 3313 1353 3356 i
1371 3327 1394 3356 e
1423 3311 1503 3357 scil
1524 3317 1606 3369 est,
1635 3326 1659 3356 8
1681 3312 1697 3356 l
1716 3311 1810 3356 add
1829 3311 1934 3365 m2)
1961 3312 2035 3356 M

473 3383 585 3437 178q
619 3383 716 3426 sine
738 3383 873 3427 titulo
889 3386 1002 3439 post
1026 3383 1120 3428 380
1135 3384 1216 3441 M,
1241 3383 1438 3428 calisto'
1424 3397 1472 3427 1n
1487 3396 1637 3427 ursam
1654 3383 1674 3427 i
1693 3397 1768 3439 my
1789 3394 1850 3427 m
1899 3383 1914 3438 ΙΙ
1964 3382 1996 3434 (i
2016 3382 2330 3439 im9)uppiter
2355 3381 2428 3426 M

332 3450 397 3539 1082
417 3450 505 3496 lab.
535 3453 711 3497 mortal.
740 3452 880 3498 ferret
910 3466 1044 3510 opem
1075 3454 1136 3498 N
1166 3455 1180 3509 ΙΙ
1218 3459 1266 3499 et
1297 3467 1398 3498 cum
1428 3453 1652 3498 Mumlcer
1750 3454 1809 3499 19
1836 3452 2047 3498 archadie
2075 3452 2117 3496 N
2211 3451 2270 3497 20
2297 3451 2424 3497 calis·

333 3555 406 3591 tus
435 3551 514 3601 M,
545 3551 731 3595 colistus
760 3552 820 3595 N
899 3552 956 3596 21
985 3553 1056 3597 sui
1089 3552 1183 3597 des
1202 3553 1258 3596 N
1337 3552 1395 3596 22
1423 3551 1550 3597 subit
1578 3552 1654 3607 M,
1687 3551 1829 3596 subiit
1856 3551 1917 3595 N
1933 3551 1978 3598 V
2001 3551 2137 3607 vulyo
2173 3551 2188 3607 ΙΙ
2225 3550 2420 3607 speciem

330 3617 757 3733 ἑέαέἔῖοιῖηέζοᾱᾱ,
787 3625 842 3667 ut
868 3626 1001 3667 notat
1035 3622 1283 3668 Giselinus'
1320 3623 1335 3679 ΙΙ
1371 3635 1421 3668 se
1450 3621 1608 3668 reiecit
1634 3623 1707 3667 M
1730 3621 1780 3677 V,
1810 3621 2046 3667 sedreiecit
2074 3622 2141 3678 N,
2171 3634 2221 3666 se
2248 3620 2423 3666 traiecit
