2528 4088
2050 172 2161 211 XVII

0 286 7 363 ᾖ
85 310 153 359 de
186 309 309 359 aliis
344 308 465 372 (ch
488 322 516 357 c
539 307 616 370 Sp
642 306 805 368 1163)
841 309 1136 358 etiamnum
1174 307 1380 368 dubito,
1420 309 1565 358 velat
1598 309 1666 358 de
1701 310 1763 359 H
1794 311 1899 360 633
1947 313 2165 362 semiuir

84 394 146 444 II
176 394 276 444 691
316 393 503 442 tenuit.
567 393 689 441 utut
724 393 820 452 est,
859 392 966 442 hoc
1003 395 1215 443 constat
1248 391 1451 442 habere
1489 408 1516 442 ε
1552 394 1754 444 multas
1787 397 2164 458 ⁸qravissimas-

0 484 3 486 ’
90 492 199 541 que
235 478 674 540 interpolationes
716 490 816 526 nec
862 477 1039 526 solum
1096 492 1203 538 eas,
1261 491 1401 540 quae
1455 480 1621 527 totius
1674 479 1863 529 classis
1910 480 1971 530 X
2025 496 2165 531 com-

0 561 5 613 ἶ
81 577 295 627 munes,
332 562 431 612 sed
465 563 624 611 etiam
661 575 793 610 suae
831 563 1003 624 ipsius
1038 564 1150 611 sint
1190 577 1255 612 ac
1285 565 1539 626 propriae
1584 564 1729 614 velut
1763 565 1797 613 I
1825 566 1933 614 312
1976 566 2166 630 inopes

84 647 285 698 ieiunia
308 647 500 708 uictus,
537 646 571 696 I
588 646 689 695 591
719 646 947 696 altorum
979 662 1261 697 nemorum
1299 648 1395 698 sed
1432 648 1895 700 demonstrauerat
1931 651 2166 713 umbras,

0 717 4 803 s
85 733 174 782 ΙΙΙ
203 731 276 782 55
309 731 416 782 leto
454 731 578 780 data
624 745 865 795 corpora,
921 731 1009 780 III
1038 733 1144 782 397
1162 747 1229 795 sq
1273 735 1327 783 et
1370 748 1402 782 a
1450 747 1673 798 corpore
1718 749 1881 785 sucus
1931 735 2167 800 Corpore

87 831 310 868 somnus
358 817 484 878 abit,
531 816 620 866 III
648 817 754 865 584
799 816 947 866 duris
994 817 1298 867 colerentur
1332 833 1457 868 rura
1493 819 1757 870 iuuencis.
1830 822 1996 882 atque
2031 821 2167 872 haec

87 903 203 966 ipsa
242 900 603 965 interpolandi
635 902 772 950 mira
811 901 979 951 libido
1015 903 1245 965 antiqui,
1282 917 1394 953 non
1430 905 1598 954 medii
1630 906 1753 954 aevi
1788 906 2001 955 videtur
2032 920 2165 957 esse.

226 987 351 1037 Duo
379 987 516 1051 solia
542 987 797 1036 codicis
827 987 1533 1039 Vaticano-Urbinatis
1563 991 1671 1039 342
1692 990 1768 1040 ad
1787 990 2061 1041 Iuvenalis
2084 1007 2172 1043 sa·
2192 1011 2230 1045 v

0 1094 6 1098 >
87 1073 218 1122 tiras
267 1072 479 1133 adsuta,
534 1072 750 1121 saeculo
786 1072 872 1121 XI
901 1086 933 1121 a
971 1073 1186 1122 duabus
1231 1074 1484 1123 manibus
1526 1076 1743 1138 scripta.
1819 1077 2009 1126 insunt
2061 1080 2169 1127 met

90 1157 140 1207 V
167 1156 424 1206 483—VI
453 1157 526 1206 45
584 1157 685 1206 VII
719 1157 1028 1206 731-VIII
1058 1158 1178 1207 104.
1248 1159 1479 1221 protulit
1524 1173 1709 1209 eorum
1749 1160 2005 1211 lectiones
2035 1176 2168 1224 pru-

86 1239 383 1305 denterque
418 1242 485 1291 de
522 1243 589 1291 iis
625 1242 922 1305 disputavit
955 1242 1173 1292 RhMus
1208 1243 1386 1293 XLVI
1415 1245 1517 1293 291
1539 1259 1606 1307 sq
1645 1245 1907 1296 CHosius.
1960 1249 2168 1296 utrum-

88 1341 194 1389 que
221 1327 591 1391 sraqmentum
631 1327 792 1376 classi
824 1327 885 1377 X
914 1328 1259 1378 tribuendum
1298 1343 1414 1379 esse
1448 1328 1532 1392 (id
1567 1331 1717 1392 quod
1748 1331 1808 1381 N
1823 1331 1975 1381 Jhbb
2012 1333 2170 1393 1893,

0 1396 5 1416 ÷
86 1413 192 1462 627
228 1426 427 1475 negare
461 1426 573 1462 non
610 1410 910 1474 debebam),
946 1415 1171 1475 apparet
1204 1427 1326 1462 cum
1363 1428 1430 1463 ex
1464 1428 1544 1475 eo,
1584 1416 1737 1477 quod
1769 1416 2018 1466 Lactanti
2045 1417 2168 1466 Pla-

0 1529 3 1531 -
86 1497 196 1546 cidi
247 1498 586 1546 narrationes
621 1497 1007 1557 desiderantur,
1062 1498 1176 1545 tum
1225 1511 1292 1546 ex
1336 1499 1468 1560 ipsis
1514 1499 1850 1561 lectionibuS,
1896 1502 1957 1564 cf
1989 1501 2039 1550 V
2063 1502 2172 1550 558

0 1596 3 1633 1
86 1582 264 1643 remis,
307 1581 409 1631 VII
431 1582 528 1631 731
558 1581 781 1641 calebat,
831 1581 933 1630 VII
955 1581 1057 1630 756
1092 1581 1343 1631 manibus
1370 1583 1517 1646 quod
1536 1585 1728 1646 cernis,
1760 1584 1890 1634 VIII
1906 1586 1979 1634 85
2001 1586 2168 1635 fatali.

0 1679 3 1717 ῑ
86 1682 126 1718 υ
178 1680 508 1729 quamquam
559 1666 676 1714 suis
730 1665 1236 1728 interpolationibus
1289 1681 1402 1716 non
1452 1668 1618 1731 plane
1663 1672 1808 1719 caret
1848 1669 1935 1732 (ut
1988 1671 2037 1720 V
2063 1672 2170 1720 566

0 1759 6 1818 ζ,
86 1765 287 1802 nomen
324 1764 608 1800 commune
646 1748 908 1812 deorum),
947 1751 1126 1800 tamen
1167 1751 1255 1800 ille
1290 1753 1459 1802 codex
1481 1754 1806 1817 deperditus,
1845 1757 2001 1806 cuius
2036 1755 2171 1804 haec

0 1835 4 1886 ζ
80 1836 216 1900 solia
264 1835 393 1886 olim
435 1836 678 1899 fuerunt,
736 1837 792 1884 in
839 1836 1059 1899 optimis
1106 1837 1295 1886 classis
1351 1837 1412 1887 X
1456 1840 1668 1889 videtur
1713 1841 1904 1904 fuisse,
1970 1844 2030 1891 ut
2076 1842 2174 1903 qui

0 1930 7 1977 ζι
89 1921 290 1970 habeat
332 1934 438 1984 pro
489 1922 634 1970 varia
672 1920 897 1970 lectione
931 1922 1083 1971 solus
1118 1936 1184 1971 ex
1221 1924 1604 1974 vetustioribus
1645 1925 1776 1975 VIII
1805 1927 1912 1976 103
1950 1927 2168 1991 impelli.

0 2003 5 2070 ἰ

231 2005 450 2056 Codex
493 2006 878 2055 Marcianus
924 2006 1373 2058 Florentinus
1419 2010 1569 2071 223,
1626 2012 1725 2073 qui
1777 2012 1905 2061 olim
1947 2013 2061 2077 fuit
2112 2016 2241 2067 inF

91 2090 413 2140 bibliotheca
451 2093 748 2141 conventus
781 2092 837 2143 S.
875 2092 1062 2154 Marci,
1099 2107 1248 2143 nunc
1282 2097 1530 2144 servatur
1563 2097 1618 2144 in
1660 2097 1982 2148 bibliotheca
2026 2100 2168 2150 Lau-

87 2177 348 2226 rentiana.
424 2178 522 2238 qui
562 2176 731 2226 codex
771 2177 1146 2227 nobilissimus
1190 2193 1311 2228 cum
1355 2183 1604 2230 accurate
1649 2182 1950 2246 descriptus
1992 2186 2065 2234 sit
2098 2187 2168 2236 ab

83 2262 325 2312 Antonio
348 2257 582 2324 Kunz1),
607 2261 865 2312 SGOwen
876 2258 939 2325 2),
968 2262 1249 2313 Theodoro
1277 2265 1509 2315 Gottlieb
1521 2261 1584 2328 3),
1608 2269 1930 2330 qravissima
1956 2272 2166 2320 tantum

14 2341 17 2366 ³
83 2347 175 2396 hic
209 2348 522 2410 repetantur
553 2346 753 2396 additis
790 2348 856 2397 de
891 2362 1012 2397 meo
1044 2351 1252 2411 paucis,
1293 2362 1436 2412 quae
1471 2365 1502 2400 e
1536 2365 1594 2401 re
1638 2353 1901 2404 videntur.
1959 2358 2172 2406 constat

11 2471 14 2473 .
87 2433 255 2495 iqitur
306 2431 542 2481 codicem
598 2445 715 2481 esse
768 2446 798 2481 e
851 2432 1066 2482 duabus
1119 2434 1500 2485 diversissimis
1549 2438 1801 2499 partibus
1855 2441 2165 2504 conflatum.

84 2530 211 2566 nam
243 2518 537 2579 postquam
562 2517 912 2579 antiquorum
952 2519 1368 2579 quaternionum
1396 2535 1638 2585 conpage
1660 2522 1839 2572 soluta
1872 2524 2008 2588 folia
2033 2528 2167 2575 satis

83 2601 254 2651 multa
285 2602 579 2665 perierunt,
617 2615 678 2651 ea
699 2604 915 2665 praeter
948 2603 1058 2652 duo
1082 2604 1469 2667 suppleverunt
1504 2607 1644 2656 duae
1677 2622 1877 2658 manus
1911 2613 2164 2661 recentes,

79 2687 320 2751 praefixa
356 2688 535 2736 autem
574 2689 705 2736 sunt
737 2689 1036 2750 antiquiori
1069 2689 1268 2738 codicis
1299 2692 1448 2752 parti
1483 2693 1582 2741 tria
1603 2692 1740 2756 folia
1771 2695 1947 2756 partis
1983 2709 2165 2745 recen-

86 2772 253 2833 tioris,
302 2784 533 2833 quorum
583 2773 822 2834 primum
880 2787 1108 2823 vacuum
1156 2776 1252 2835 est,
1307 2776 1417 2824 nisi
1459 2777 1611 2838 quod
1656 2777 1826 2828 habet
1876 2778 2021 2829 lianc
2082 2783 2164 2830 in-

84 2838 455 2920 scriptionem:
497 2856 656 2906 Liber
692 2856 1005 2908 Conuentus
1043 2858 1143 2909 scti
1162 2859 1326 2909 Marci
1364 2860 1431 2910 de
1468 2861 1539 2910 fla
1579 2861 1624 2924 (i
1645 2877 1675 2912 e
1698 2863 1992 2927 Florentia)
2030 2862 2164 2916 ordis

83 2940 416 3004 §dicatorum
466 2941 609 2991 hitus
655 2941 700 3004 (i
725 2957 754 2991 e
789 2942 1034 3005 habitus)
1071 2958 1104 2993 a
1151 2944 1229 2992 fre
1267 2944 1497 3009 Georgio
1541 2946 1678 2997 Ant⁰
1718 2950 2009 3013 uespuccio
2046 2951 2161 3002 filio

86 3025 272 3076 natiuo
311 3026 465 3076 1499.
539 3041 607 3076 en
644 3040 706 3076 ea
744 3041 883 3089 quae
919 3030 1108 3078 insunt
1145 3030 1200 3078 in
1239 3031 1425 3079 ceteris
1455 3031 1639 3095 foliis:

280 3123 347 3174 fol
386 3125 415 3162 2
443 3125 488 3164 et
528 3124 579 3163 3:
621 3126 712 3163 met
768 3124 794 3163 I
820 3125 948 3177 11445
978 3124 1076 3174 (sed
1102 3123 1289 3178 4421445
1326 3128 1536 3178 adscripti
1571 3131 1588 3168 i
1622 3142 1696 3180 my
1738 3132 1967 3183 inferiore).
2007 3143 2165 3172 manus

1382 3210 1531 3240 recens
1562 3202 1586 3239 1

279 3264 346 3314 sol
388 3260 479 3316 4l9:
622 3268 713 3305 met
767 3267 793 3305 Ι
818 3264 987 3318 4461111
1011 3268 1108 3307 110.
1167 3279 1325 3308 manus
1352 3272 1530 3320 antiqua
1560 3274 1584 3310 1

229 3418 275 3469 1)
307 3419 354 3458 P.
389 3419 531 3459 Ovidii
556 3420 746 3460 Nasonis
775 3421 945 3461 libellus
973 3422 1038 3461 De
1067 3423 1352 3464 medicamine
1378 3426 1509 3474 faciei
1540 3428 1653 3466 Wien
1683 3428 1792 3467 1881
1820 3441 1853 3478 p
1882 3429 1910 3467 5
1926 3439 1990 3478 sq.

226 3489 268 3537 2)
297 3489 343 3528 Ρ.
378 3489 520 3529 Ουίἀὶἰ
545 3491 735 3531 Nasonis
768 3492 974 3531 Tris-tium
1005 3493 1105 3532 libri
1132 3494 1168 3532 V
1193 3493 1376 3545 (Oxsord
1402 3497 1531 3548 1889)
1560 3510 1592 3548 p
1622 3498 1731 3537 XXI
1741 3510 1804 3548 sq.

228 3556 274 3610 3)
303 3559 469 3599 Wiener
513 3560 694 3600 Studien
743 3562 855 3601 1890
895 3575 928 3612 p
959 3564 1038 3601 141
1057 3575 1119 3613 sq.
1178 3566 1344 3605 addidit
1371 3568 1580 3607 nonnulla
1630 3569 1770 3618 Proyr
1819 3568 1958 3608 Gotha
1989 3569 2113 3621 1892,
2135 3570 2163 3607 3

84 3627 313 3668 REhwald.

167 3703 267 3740 ΟΠ»
289 3702 450 3739 Hunc.
1794 3709 1821 3747 b
