2528 4088
2050 213 2180 252 XXIX

58 337 66 375 ³
110 356 190 405 sic
241 368 352 403 non
409 354 746 417 cognoverat.
820 353 919 402 sed
968 354 1022 402 in
1075 353 1182 403 hoc
1215 352 1414 411 studio,
1464 353 1525 400 ut
1554 352 1677 415 fieri
1710 353 1861 412 solet,
1913 367 2186 403 nonnum-

115 452 279 502 quam
313 438 535 488 modum
573 438 799 487 excessit
843 439 925 486 vir
959 438 1319 498 doctissimuS,
1369 438 1428 485 ut
1461 450 1640 485 meros
1687 450 1892 486 errores
1926 438 2190 488 Marciani

34 555 39 565 -
109 537 214 588 pro
249 522 716 573 emendationibus
743 523 1051 572 venditaret.
1127 523 1266 572 idem
1293 522 1613 571 coniecturis
1643 521 1910 585 faciendis
1946 524 1999 571 et
2031 524 2188 572 inter-

110 607 480 672 polationibus
492 602 539 669 1)
564 607 668 656 late
698 608 1013 670 patentibus
1055 608 1242 657 multis
1279 608 1410 657 locis
1446 606 1786 669 indaqandis‚
1817 607 1977 671 falsis
2012 607 2102 656 his
2138 610 2192 657 et

117 693 238 754 illis,
300 693 614 755 saepissime
666 706 699 742 a
756 706 879 742 vero
938 693 1219 742 aberravit.
1294 692 1530 754 denique
1582 692 1815 741 multum
1866 692 2193 755 profuerunt

115 791 291 842 nuper
337 777 565 827 carmini
607 777 916 826 Alexander
971 777 1128 827 Riese
1171 779 1225 827 et
1268 776 1541 841 Rudolfus
1589 776 1839 837 Ehwald,
1893 779 2058 838 atque
2105 777 2192 825 ille

117 877 239 912 cum
279 864 335 912 in
373 862 607 912 editione
646 862 1061 911 Tauchnitziana
1098 863 1280 923 altera,
1334 875 1474 924 quae
1508 876 1655 911 anno
1691 862 1832 911 1889
1863 862 2083 925 prodiit,
2136 863 2190 910 in

119 947 289 997 lucem
341 947 610 1010 protraxit
662 948 716 995 et
749 946 1003 996 adhibuit
1055 948 1290 996 codicem
1327 946 1764 1010 Neapolitanum,
1820 946 1912 995 hic
1948 947 2101 1008 quod
2136 948 2191 995 in

117 1032 364 1093 editione,
426 1045 590 1094 quam
649 1032 962 1080 instructam
1026 1033 1229 1095 optimo
1285 1032 1668 1081 commentario
1716 1032 1984 1095 exegetico
2045 1033 2196 1095 apud

121 1117 500 1167 Weidmannos
546 1118 676 1179 post
710 1117 1032 1166 Mauricium
1070 1101 1258 1179 Haupt
1313 1117 1367 1165 et
1404 1115 1652 1166 Ottonem
1705 1117 1858 1166 Korn
1913 1112 2192 1179 curavit2)‚

118 1202 329 1265 aliquot
365 1202 496 1251 locis
533 1201 810 1250 lectionem
852 1215 1027 1251 veram
1070 1202 1203 1251 bene
1237 1202 1483 1250 restituit.
1566 1202 1679 1264 ipse
1714 1216 1846 1250 num
1886 1201 2023 1263 quid
2063 1215 2193 1264 pro-

115 1287 335 1352 fecerim
375 1287 431 1335 in
470 1287 706 1335 carmine
741 1287 1065 1336 recensendo
1102 1287 1156 1335 et
1189 1286 1526 1335 emendando
1562 1286 1659 1335 alii
1694 1286 1936 1335 viderint.

262 1385 594 1435 Recentioris
647 1386 838 1434 aetatis
874 1385 1135 1434 editiones
1188 1387 1242 1434 et
1275 1385 1382 1434 alia
1418 1385 1662 1434 subsidia
1700 1386 1897 1445 critica,
1955 1398 2096 1447 quae
2130 1399 2198 1434 ex

118 1472 288 1533 parte,
346 1471 442 1519 ubi
491 1484 578 1519 res
608 1472 943 1533 poposcerat,
1002 1471 1107 1519 iam
1162 1483 1329 1532 supra
1362 1470 1766 1532 proposuimus,
1822 1469 1957 1518 haec
1986 1470 2102 1532 fere
2140 1471 2195 1518 in

122 1555 471 1605 adnotatione
522 1556 706 1604 nostra
763 1554 974 1604 laudari
1006 1554 1183 1603 solent
1194 1570 1215 1613 ‚·
1247 1554 1351 1602 alia
1400 1555 1577 1602 rarius
1629 1553 1874 1602 adhibita
1918 1569 2021 1603 suo
2060 1569 2196 1617 quo-

124 1654 232 1702 que
268 1640 384 1690 loco
419 1639 687 1702 adscripta
727 1639 945 1687 videbis,

376 1735 720 1785 AAIyermissen‚
756 1731 1040 1787 Quaestiones
1073 1734 1147 1775 Ου.
1181 1736 1366 1774 criticae.
1425 1735 1540 1775 Diss.
1561 1735 1765 1773 Miinster
1792 1735 1917 1774 1879.

377 1805 666 1853 ECChrBach,
738 1805 880 1844 Ovidii
919 1805 1306 1855 Metamorphoses.
1366 1805 1452 1843 Mit
1487 1804 1717 1844 kritischen
1764 1805 1856 1843 und
1897 1805 2200 1845 erla‘uternden

453 1875 801 1925 Anmerkunyen.
861 1875 1096 1915 Hannover
1121 1872 1317 1927 1831s36.

380 1946 923 1996 GBaumqarten-C'rusius,
971 1946 1113 1986 Ovidii
1138 1946 1513 1996 Metamorphoses
1541 1958 1641 1985 cum
1671 1949 1880 1996 perpetua
1909 1948 2200 1986 annotatione.

460 2017 631 2067 Lipsiae
660 2017 784 2056 1834.

376 2087 691 2134 ABernardini‚
732 2087 865 2127 Studi
906 2089 1079 2127 intorno
1120 2087 1203 2127 alla
1232 2089 1368 2126 storia
1399 2099 1423 2126 e
1451 2087 1536 2126 alla
1566 2089 1714 2127 critica
1744 2088 1815 2127 del
1835 2090 1944 2127 testo
1973 2088 2082 2127 delle
2111 2089 2202 2127 Me-

464 2159 690 2208 tamorfosi
716 2159 763 2197 di
792 2158 955 2198 Ovidio.

484 2229 511 2267 Ῑ
547 2228 588 2267 Il
613 2229 926 2279 Fraqmentum
954 2230 1185 2269 Bernense.
1248 2230 1425 2268 Firenze
1454 2230 1578 2268 1909.

466 2300 509 2338 II
553 2299 594 2338 Il
620 2299 730 2339 libro
758 2300 841 2340 XV
862 2301 938 2340 nei
963 2301 1103 2340 codici
1130 2300 1452 2350 Guelferbitani.
1511 2299 1706 2349 Boloyna
1736 2300 1860 2339 1911.

379 2370 612 2417 FHBothe‚
655 2371 872 2411 Vindiciae
918 2371 1163 2412 Ouidianae.
1223 2370 1449 2410 Accedunt
1488 2370 1701 2409 JHVossii
1737 2370 1942 2409 lectiones
1985 2372 2029 2409 et
2066 2372 2204 2408 notae.

468 2440 700 2491 Gottinqen
727 2443 854 2482 1818.
1226 2426 1232 2432 ’

384 2513 608 2559 LBraune,
638 2513 703 2553 De
735 2512 809 2553 Ου.
832 2514 935 2554 Met.
967 2513 1073 2553 locis
1101 2513 1360 2562 quibusdam
1392 2512 1631 2562 disputatio
1651 2513 1810 2551 critica.
1861 2511 1999 2560 Proyr
2028 2511 2211 2551 Cottbus

474 2585 598 2624 1849.

388 2655 519 2705 Luiyi
546 2655 813 2706 Castiylioni‚
842 2655 974 2694 Studi
1002 2655 1175 2693 intorno
1203 2653 1287 2693 alle
1313 2654 1430 2703 fonti
1456 2665 1480 2692 e
1512 2653 1595 2692 alla
1633 2654 1951 2703 composizione
1980 2651 2089 2690 delle
2118 2651 2210 2689 Me-

472 2727 699 2776 tamorfosi
724 2727 771 2766 di
800 2725 963 2765 Ouidio.
1022 2725 1122 2764 Pisa
1152 2725 1275 2764 1906.

475 2827 496 2844 ,‚
558 2797 765 2837 Analecta
794 2797 1014 2836 Planudea
1043 2797 1101 2835 ad
1131 2795 1273 2835 Ovidii
1299 2796 1475 2834 Metam.
1506 2795 1758 2844 spectantia.
1819 2794 2000 2832 Firenze
2030 2793 2153 2831 1910.

387 2867 620 2915 REhwald‚
649 2868 720 2907 Ad
755 2869 982 2908 historiam
1013 2868 1256 2906 carminum
1297 2866 1372 2906 Ov.
1432 2866 1812 2914 recensionemque
1840 2864 2063 2914 symbolae
2092 2864 2119 2901 Ι
2156 2863 2211 2902 II.

473 2939 502 2977 2
529 2939 669 2989 Proyr
696 2939 835 2979 Gotha
866 2940 976 2978 1889
1007 2940 1051 2978 et
1079 2938 1202 2976 1892.

389 3009 610 3048 RE'hwald
636 3010 835 3060 MHaupt
865 3009 1036 3055 OKorn,
1066 3009 1146 3047 Die
1174 3008 1353 3047 Metam.
1392 3008 1468 3046 des
1504 3007 1549 3046 P.
1585 3006 1658 3046 Ου.
1690 3007 1808 3045 Naso
1837 3005 2006 3044 erklart.
2067 3005 2213 3043 Berlin

475 3081 599 3119 1903.
631 3082 754 3120 1898.

391 3148 598 3193 JGilbert.
621 3150 854 3190 Ouidianae
874 3150 1146 3200 quaestiones
1165 3149 1337 3188 criticae
1366 3150 1411 3187 et
1428 3148 1677 3197 exeqeticae.
1724 3147 1864 3196 Proyr
1879 3147 2069 3185 Meissen
2091 3147 2215 3184 1896.

393 3219 654 3269 FGnesotto,
683 3221 1091 3260 Animadversiones
1112 3220 1157 3258 in
1186 3219 1352 3268 aliquot
1383 3218 1456 3258 Ου.
1488 3218 1591 3257 Met.
1624 3218 1752 3257 locos.
1812 3217 1959 3256 Padua
1990 3216 2113 3256 1881.

393 3291 677 3338 JJHartman,
707 3292 772 3331 De
803 3291 954 3332 Ouidio
981 3293 1122 3341 poeta.
1182 3290 1340 3329 Leiden
1372 3290 1495 3328 1905.

286 3461 325 3510 1)
355 3462 404 3511 cf
424 3461 645 3501 REhwald
670 3462 759 3501 Jhb
784 3462 811 3511 s
833 3462 864 3500 d
880 3461 1004 3500 'Altw
1033 3459 1178 3499 XLIII
1204 3458 1335 3506 (1885
1364 3459 1438 3510 II),
1468 3459 1564 3498 265.

286 3531 330 3579 2)
359 3532 439 3572 Die
486 3532 868 3582 Metamorphosen
913 3533 989 3571 des
1034 3531 1081 3571 P.
1116 3529 1295 3570 Ovidius
1337 3530 1465 3569 Naso.
1526 3529 1678 3568 Erster
1721 3527 1856 3567 Band.
1916 3525 2090 3565 Erkla’rt
2135 3536 2218 3563 von

145 3602 284 3642 Hor-iz
310 3602 470 3652 Haupt.
529 3603 581 3642 In
619 3604 763 3642 achter
788 3602 968 3652 Aullaqe
1011 3612 1094 3640 von
1122 3600 1354 3639 REhwald.
1412 3599 1560 3638 Berlin
1591 3600 1714 3639 1893.
1769 3619 1817 3625 —
1869 3597 2056 3635 Zweiter
2081 3595 2217 3633 Band.

146 3672 318 3712 Erkffirt
346 3684 428 3712 von
461 3665 630 3713 OKorn.
690 3673 741 3712 In
772 3674 928 3712 drit.er
952 3672 1131 3722 Auflaye
1161 3682 1243 3710 von
1273 3670 1504 3711 REhwald.
1562 3669 1710 3709 Berlin
1741 3669 1865 3709 1898.
