2580 4088
368 214 435 263 10
992 213 1151 258 Mundi
1180 213 1325 270 origo.
1386 212 1611 266 Quattuor
1639 217 1822 258 aetates.

364 357 536 411 sidera
571 358 852 425 coeperunt
887 358 995 409 toto
1032 356 1362 409 effervescere
1400 354 1559 407 caelo,

363 458 468 496 neu
503 442 644 509 regio
681 442 814 494 foret
853 442 958 494 ulla
995 442 1103 494 suis
1143 441 1456 492 animalibus
1493 440 1631 503 orba,

366 529 505 581 astra
542 528 724 579 tenent
761 527 983 580 caeleste
1021 526 1191 578 solum
1228 525 1525 592 formaeque
1562 524 1845 590 deorum,
1828 502 1940 591 '‘52⁴⁸''

366 613 636 665 cesserunt
671 612 851 664 nitidis
887 610 1200 663 habitandae
1237 609 1467 677 piscibus
1502 609 1686 675 undae,
1842 596 1850 611 ”

364 699 504 750 terra
540 696 677 749 feras
714 696 865 765 cepit,
903 696 1136 748 volucres
1174 694 1436 761 agitabilis
1472 699 1575 747 ae‘r.
2405 706 2456 747 75

509 781 752 835 Sanctius
789 781 871 833 his
910 779 1104 832 animal
1140 779 1436 846 mentisque
1475 779 1713 847 capacius
1751 781 1886 833 altae

366 867 543 919 deerat
579 866 749 919 adhuc
786 868 838 918 et
876 865 1012 933 quod
1050 864 1309 916 dominari
1343 865 1399 916 in
1436 866 1607 918 cetera
1642 869 1832 934 posset.

364 953 521 1004 natus
559 951 713 1003 homo
751 953 843 1013 est,
881 951 987 1003 sive
1025 950 1166 1001 hunc
1205 949 1376 1002 divino
1414 950 1613 1003 semine
1649 950 1773 1004 fecit

360 1037 449 1089 ille
486 1036 652 1100 opifex
683 1050 872 1099 rerum,
908 1034 1092 1087 mundi
1128 1034 1358 1087 melioris
1395 1035 1550 1108 orig0,
1573 1033 1767 1119 „aus”

364 1121 469 1175 sive
505 1136 685 1174 recens
721 1120 877 1172 tellus
915 1119 1233 1186 seductaque
1270 1135 1435 1187 nuper
1471 1120 1535 1172 ab
1574 1121 1679 1173 alto
2403 1131 2454 1173 80

291 1187 321 1195 ’ᾖ
364 1206 570 1259 aethere
609 1205 815 1285 cognati
850 1205 1109 1257 retinebat
1145 1205 1348 1257 semina
1384 1171 1762 1300 caelimfflfflst·

365 1305 524 1358 quam
561 1292 705 1343 satus
742 1290 923 1356 Iapeto
959 1290 1177 1342 mixtam
1213 1290 1527 1358 pluvialibus
1563 1290 1718 1343 undis
1773 1296 2033 1404 «ΨΜ.
1944 1300 2017 1345 *A

360 1376 510 1428 finxit
544 1377 600 1427 in
639 1375 865 1443 effigiem
902 1375 1266 1428 moderantum
1304 1377 1494 1428 cuncta
1530 1359 1836 1429 deorumst*

361 1476 624 1528 pronaque
662 1477 783 1513 cum
821 1462 1058 1529 spectent
1086 1448 1340 1513 animalia
1376 1462 1547 1513 cetera
1581 1463 1788 1524 terram,

363 1562 420 1598 os
457 1545 657 1599 homini
694 1546 917 1599 sublime
957 1545 1096 1598 dedit
1134 1546 1439 1613 caelumque
1476 1546 1647 1598 videre
2403 1556 2453 1598 85

504 1675 557 1715 76
574 1688 622 1725 sq
660 1676 846 1714 Lactant
874 1674 945 1713 div
975 1674 1067 1714 inst
1084 1676 1142 1714 II
1161 1673 1203 1719 8,
1230 1672 1289 1714 64
1308 1676 1498 1716 Brandt:
1533 1674 1717 1714 Ovidius
1761 1674 1951 1726 perfecto
1980 1674 2066 1715 iam
2095 1675 2257 1716 mundo
2286 1679 2328 1715 et
2357 1676 2450 1715 uni-

362 1745 498 1787 versis
527 1744 788 1785 animalibus
817 1744 1017 1795 figuratis
1044 1745 1126 1784 hoc
1156 1744 1323 1784 addidit
1351 1738 1606 1784 ‘sanctius
1637 1745 1719 1784 his
1748 1745 1949 1785 animal
1977 1745 2281 1797 mentisque
2301 1757 2451 1798 capa-

361 1817 478 1856 cius
514 1816 658 1855 altae
697 1816 850 1856 derat
888 1815 1027 1865 [derat
1055 1813 1153 1857 PV¹
1183 1815 1330 1855 deerat
1360 1818 1441 1857 BR
1470 1816 1646 1855 dederat
1675 1817 1738 1865 Η]
1777 1816 1918 1856 adhuc
1949 1820 1992 1857 et
2021 1816 2137 1868 quod
2165 1816 2378 1857 dominari
2405 1817 2452 1857 in

361 1890 503 1927 cetera
531 1891 687 1938 posset,
718 1890 846 1926 natus
874 1886 1001 1926 homo
1030 1878 1120 1926 est'.

504 1958 558 1999 84
574 1972 622 2008 sq
650 1960 837 1998 Laetam?
855 1959 925 1998 div
946 1959 1037 1998 inst
1055 1959 1113 1998 II
1130 1957 1167 2003 1,
1190 1956 1267 1999 15:
1305 1957 1421 2008 quod
1443 1957 1602 2009 optime
1622 1958 1866 2009 ingeniosus
1886 1961 2012 2011 poeta
2032 1957 2218 2010 signavit
2236 1951 2454 1999 ‘Prona-

360 2042 459 2080 que
489 2041 602 2069 cum
628 2051 681 2056 —
701 2028 907 2069 tollere
938 2029 1155 2069 vultus'.

504 2103 650 2140 Baeda
679 2102 968 2141 Heoeaemeron
989 2102 1020 2140 I
1028 2115 1061 2150 p
1082 2098 1148 2140 29
1185 2101 1347 2152 (Miqne
1370 2098 1462 2149 91):
1506 2099 1630 2140 iuxta
1673 2100 1787 2150 quod
1832 2099 2010 2151 quidam
2053 2102 2277 2151 poetarum
2320 2098 2452 2142 dixit:

353 2164 658 2222 ‘Pronaque
678 2171 1079 2211 cum—tollere
1099 2164 1304 2211 vultus’
1347 2169 1361 2223 ΙΙ
1405 2171 1550 2212 Isidor
1573 2172 1675 2223 Oriq
1696 2170 1870 2216 X11,5:
1903 2170 2056 2211 Graeci
2076 2174 2219 2211 autem
2238 2170 2453 2211 hominem

368 2240 630 2295 ἄνθρωπον
673 2242 1009 2294 appellaverunt
1053 2254 1122 2294 eo,
1169 2242 1285 2293 quod
1326 2254 1497 2282 sursum
1536 2245 1699 2294 spectet
1742 2242 1993 2283 sublevatus
2029 2241 2084 2282 ab
2112 2241 2243 2282 humo
2272 2241 2326 2282 ad
2356 2253 2452 2282 con-

358 2312 679 2364 templationem
720 2313 800 2354 sui.
861 2313 986 2361 Quod
1017 2313 1249 2354 Ovidius
1287 2317 1413 2364 poeta
1442 2313 1658 2364 designat,
1705 2325 1802 2353 cum
1838 2313 1964 2353 dicit:
2003 2306 2304 2364 ‘Pronaque
2341 2324 2453 2352 cum

357 2384 871 2435 spectent—tollere
902 2378 1120 2425 vultus'.
1162 2383 1176 2435 Ιξ
1222 2387 1408 2425 Joamzes·
1438 2385 1634 2424 Saresber
1662 2385 1853 2425 Policrat
1878 2387 1996 2426 VIII
2009 2382 2072 2425 24
2090 2385 2164 2435 (II
2184 2382 2275 2425 414
2299 2384 2455 2434 Webb):

360 2456 484 2495 ouius
515 2459 591 2509 est,
624 2467 721 2495 cum
751 2460 935 2496 cetera
977 2455 1235 2495 animalia
1278 2468 1443 2507 prona
1487 2456 1682 2496 ferantur
1711 2456 1765 2494 in
1806 2459 2027 2502 terram,
2072 2455 2242 2496 celum
2271 2459 2315 2496 et
2341 2466 2454 2506 quae

360 2526 535 2567 celestia
564 2531 663 2567 sunt
693 2530 873 2567 erecta
902 2527 1112 2577 dignitate
1144 2528 1335 2578 corporis
1365 2531 1408 2566 et
1437 2527 1569 2567 animi
1599 2527 1895 2579 contemplari.
1949 2526 1965 2579 ΙΙ
2014 2529 2071 2568 In
2115 2529 2188 2568 cod
2223 2527 2453 2568 Prudentia·

362 2600 483 2639 Oxon
524 2600 641 2649 (Bibl
674 2600 785 2639 Bodl
817 2601 932 2639 Auct
964 2601 1009 2639 F
1038 2601 1122 2639 III
1141 2597 1184 2649 6)
1214 2600 1478 2650 adscriptum
1521 2603 1584 2639 est
1631 2600 1650 2639 i
1687 2613 1757 2651 my
1777 2596 1989 2650 f0z168b
2019 2601 2076 2639 ad
2111 2600 2272 2639 librum
2307 2602 2453 2640 contra

359 2670 508 2720 Symm
537 2671 595 2710 II
607 2668 705 2711 260
720 2683 767 2720 sq
796 2683 824 2709 a
852 2683 987 2710 manu
1025 2683 1117 2710 saec
1136 2672 1209 2710 XI
1233 2671 1424 2710 ineuntis
1452 2672 1525 2710 hoc
1552 2671 1751 2718 scholion,
1783 2673 1893 2721 quod
1931 2684 2092 2710 mecum
2128 2670 2455 2711 communicavit

356 2741 536 2781 REllis:
576 2741 695 2780 Inter
732 2741 900 2792 reliqua
929 2740 1132 2781 animalia
1161 2742 1277 2781 solus
1306 2741 1432 2781 homo
1462 2747 1604 2781 rectus
1632 2741 1793 2781 incedit
1829 2744 1872 2781 et
1909 2741 2049 2781 celum
2085 2740 2240 2792 aspicit
2275 2741 2330 2781 de
2365 2753 2453 2792 quo

357 2811 575 2851 ouidius
608 2805 832 2853 ‘coetera
875 2824 988 2852 cum
1018 2825 1189 2863 prona
1221 2816 1541 2864 exspectent
1569 2812 1825 2852 animalia
1854 2815 2039 2853 ternvs
2070 2810 2163 2863 (sic)
2193 2824 2249 2851 os
2278 2810 2450 2851 homi-

358 2882 438 2921 nis
468 2882 813 2923 sublime-et
843 2887 1058 2923 erectus
1087 2883 1148 2922 ad
1179 2896 1211 2923 s.
1239 2883 1440 2923 tollere
1470 2879 1687 2923 uultus'.

500 2993 550 3037 71
586 2992 837 3038 feruescere
868 2995 888 3036 l
902 2994 938 3046 f
950 3009 978 3049 ς
1008 2993 1250 3038 clarescere
1278 2993 1346 3038 vel
1374 2993 1687 3050 splendescere
1707 3008 1734 3049 ς
1840 2992 1896 3038 72
1915 2992 2029 3037 orba
2055 2993 2151 3037 suis
2180 2992 2452 3038 animalibus

359 3062 451 3106 ulla
472 3064 493 3106 l
513 3063 819 3108 animantibus
839 3079 867 3120 ς
887 3065 962 3108 Hs
980 3065 1114 3121 vulyo
1136 3065 1244 3109 olim
1352 3066 1408 3110 74
1425 3063 1646 3120 habitaste
1673 3078 1700 3108 ε
1816 3065 1872 3109 75
1903 3063 2053 3120 coepit
2079 3063 2153 3107 M
2161 3063 2199 3116 f
2219 3062 2452 3108 abitabilis

357 3139 477 3183 (corr
495 3147 542 3176 m
565 3132 608 3184 2)
642 3134 703 3177 Ν
726 3133 991 3179 habitabilis
1011 3150 1052 3192 φ
1082 3135 1391 3180 eBersmanni
1523 3135 1579 3180 76
1597 3134 1669 3179 his
1697 3135 1761 3179 ir
1787 3135 1860 3178 M
1995 3135 2049 3179 77
2080 3140 2127 3178 et
2156 3134 2234 3190 qui
2257 3134 2295 3186 f
2305 3148 2334 3190 ς
2353 3138 2452 3179 ceta

357 3205 435 3255 (=
458 3210 620 3257 cetera,
655 3205 718 3248 -i
735 3206 778 3261 r)
799 3206 873 3248 M
886 3206 1035 3262 possit
1053 3207 1114 3250 N
1128 3221 1156 3262 ς
1176 3206 1331 3251 deerat
1350 3205 1510 3251 adhuc.
1531 3211 1578 3250 et
1598 3206 1890 3262 qui—possit,
1910 3214 2045 3250 natus
2062 3205 2295 3250 Animadv
2313 3205 2366 3249 in
2387 3205 2452 3250 Ov

358 3273 505 3329 (1814)
526 3273 786 3331 Kromayer
878 3277 935 3321 79
962 3276 1045 3320 Ille
1065 3277 1138 3329 (ds
1155 3299 1208 3315 =
1231 3277 1443 3322 dominus
1473 3282 1580 3331 secr)
1601 3291 1637 3320 a
1657 3277 1858 3321 melioris
1887 3277 2041 3333 imago
2065 3279 2099 3329 (ἑ
2126 3275 2258 3332 origo
2277 3289 2374 3319 secr
2391 3276 2450 3334 h)

359 3346 398 3389 h
418 3359 445 3400 ς
521 3344 579 3389 80
598 3351 651 3388 su
674 3357 830 3390 recens
849 3351 881 3389 t.
905 3346 1158 3403 eductaque
1180 3363 1216 3391 α
1300 3348 1462 3403 81s193
1481 3348 1646 3392 inaurat
1663 3349 1715 3391 in
1733 3362 1771 3392 π
1841 3347 1900 3392 81
1919 3347 2179 3391 retinebant
2198 3361 2235 3391 α
2304 3346 2364 3392 82
2381 3353 2454 3393 sat

356 3415 458 3460 usia
470 3421 579 3472 peto
602 3430 637 3459 α
652 3415 935 3508 [fluuialibusJ
944 3419 1091 3474 recepi
1109 3420 1171 3475 (cf
1190 3419 1354 3464 NJIz-bb
1366 3419 1490 3473 1891,
1502 3418 1588 3464 700
1603 3418 1839 3471 etIV282)
1860 3433 1916 3462 ex
1936 3432 1973 3462 α
1991 3417 2035 3461 L
2054 3417 2319 3463 fluuialibus
2339 3417 2391 3462 A
2412 3436 2448 3460 ω

359 3515 493 3571 vulyo
608 3515 666 3560 83
694 3514 866 3569 Fin(xit
890 3484 940 3560 aet
969 3516 1172 3573 effigiem
1203 3518 1535 3563 moderantium
1558 3532 1593 3563 c.
1625 3518 1813 3563 deorum
1834 3518 1853 3561 i
1871 3531 1897 3560 r
1915 3531 1962 3560 m
1981 3517 2026 3569 2)
2044 3517 2117 3561 M
2131 3516 2448 3562 moderantum

357 3585 391 3635 (i
411 3587 502 3630 add
523 3600 571 3629 m
590 3585 634 3638 2)
657 3587 717 3629 N
730 3586 1067 3678 moderalncium
1090 3589 1111 3631 l
1131 3594 1306 3642 cunc(ta
1327 3589 1515 3634 deorum
1535 3590 1555 3634 i
1573 3603 1600 3632 r
1618 3604 1665 3633 m
1683 3589 1728 3643 2)
1747 3589 1809 3632 Ν
1906 3588 1963 3634 84
1993 3600 2131 3645 quom
2155 3588 2193 3640 f
2298 3587 2360 3634 85
2387 3587 2449 3634 Os

357 3683 557 3729 hominis
578 3684 657 3729 ubi
678 3699 751 3730 me
771 3701 807 3729 α
828 3685 890 3731 Os
910 3686 1075 3731 ominis
1106 3699 1134 3730 e
1163 3687 1427 3743 caelumque
1455 3687 1572 3732 tueri
1592 3687 1668 3745 (ex
1687 3687 1788 3731 Aen
1808 3686 1887 3733 IV
1899 3687 2004 3742 451)
2035 3701 2062 3742 ς
2082 3686 2156 3730 Hs
2176 3686 2310 3743 vulyo
2339 3685 2448 3732 olim
