2580 4088
878 210 1015 258 Liber
1042 210 1121 256 XI.
1150 210 1244 255 fab.
1279 212 1401 254 1-4.
2075 209 2176 257 691

101 359 316 414 duratus
359 357 415 410 in
451 355 682 422 lapidem
720 359 801 408 est
980 353 1114 410 Ceae
1158 354 1444 415 matronae,
1488 365 1621 419 quae
1658 350 1804 404 caedi
1839 349 2182 403 interfuerant
2229 360 2312 409 fab
2340 358 2375 401 2

103 442 308 512 Orphei,
346 457 377 495 a
411 441 600 495 Libero
627 439 910 492 ulciscente
947 438 1213 492 aemulum
1249 437 1496 490 scientiae
1535 450 1658 489 suae
1695 436 1750 486 in
1786 434 1954 487 varias
1991 436 2187 502 species

5 583 7 586 ,
103 529 342 583 abierunt
520 525 679 580 Liber
715 525 935 577 Thracia
984 523 1246 591 digressus
1283 538 1405 576 cum
1441 521 1683 574 Tmolum
1720 521 1953 573 montem
1989 519 2184 587 Lydiae
2234 529 2316 578 sab
2348 526 2378 568 3

2 1119 72 1175 ἰο

8 1552 75 1603 ,5

103 611 380 668 comitatus
415 610 638 664 Bacchis
675 610 888 678 peteret,
926 608 1134 662 Silenus
1171 608 1218 661 ei
1255 606 1473 674 aufugit,
1510 620 1665 673 quem
1708 604 1940 673 Phryges
1978 606 2190 672 captum

103 697 169 752 ad
198 696 380 750 Midan
414 710 591 763 regem
628 694 898 747 duxerunt.
953 694 1162 760 agnitus
1199 694 1263 746 ab
1302 708 1361 745 eo
1389 693 1632 760 exceptus
1669 692 1762 759 est,
1799 692 1852 743 et
1887 689 2073 742 Libero
2098 689 2188 742 ad-

102 779 332 837 venienti
375 779 614 834 reddidit.
684 780 738 832 et
783 779 847 832 ob
898 778 1212 832 beneficium
1261 777 1471 846 optandi
1519 776 1646 829 deus
1694 775 1900 828 veniam
1937 774 1985 827 ei
2022 773 2190 827 dedit:

106 867 151 921 si
187 866 311 935 quid
347 866 519 931 vellet,
557 879 588 917 a
612 879 667 917 se
692 864 904 933 peteret.
958 863 1061 927 ille,
1097 865 1157 915 ut
1194 877 1429 930 quaeque
1467 861 1784 928 contigisset,
1810 875 1995 913 aurum
2019 858 2190 926 fieret3

107 951 244 1020 quod
297 951 346 1004 ei
398 949 583 1003 inutile
635 947 749 1002 fuit.
810 948 895 1001 cui
933 948 1060 1000 deus
1095 948 1307 1015 petenti,
1364 948 1424 999 ut
1477 947 1837 999 restitueretur
1885 944 1998 1010 sibi,
2054 943 2190 997 fecit.

104 1035 258 1089 iussit
302 1034 442 1088 enim
489 1033 554 1086 ad
597 1033 795 1086 flumen
832 1032 1106 1085 Pactolum
1141 1031 1434 1100 pervenire;
1480 1031 1656 1098 ibique
1701 1045 1756 1083 se
1793 1031 2106 1098 supponeret
2141 1031 2195 1082 et

107 1121 182 1175 sic
217 1119 408 1174 rediret
442 1119 497 1171 in
533 1118 811 1187 pristinum
855 1119 1067 1184 statum,
1110 1117 1248 1170 unde
1301 1131 1436 1184 aqua
1473 1116 1615 1169 aurei
1651 1115 1835 1168 coloris
1882 1116 2021 1167 esset

105 1206 241 1270 Pan,
284 1220 406 1258 cum
451 1204 634 1257 Tmolo
688 1205 865 1256 monte
919 1203 1115 1271 Lydiae
1152 1202 1511 1269 frequentinus
1565 1200 1747 1254 fistula
1794 1215 1850 1253 se
1897 1199 2193 1263 oblectaret,
2243 1207 2324 1258 fab
2353 1205 2386 1248 4

107 1291 276 1346 elatus
312 1289 475 1357 gloria
507 1289 793 1356 agrestium
817 1288 1166 1356 nympharum
1190 1287 1484 1355 Apollinem
1521 1285 1576 1337 in
1615 1288 1878 1338 certamen
1916 1284 2196 1338 devocavit.

106 1375 277 1430 iudice
315 1390 436 1442 ergo
471 1374 668 1438 Tmolo,
708 1374 856 1426 cuius
893 1388 1042 1426 mons
1080 1374 1205 1439 erat,
1263 1387 1384 1424 cum
1422 1371 1650 1439 Apollini
1688 1369 1901 1423 victoria
1938 1372 2077 1423 esset
2113 1369 2198 1421 ad-

109 1460 352 1522 iudicata‚
405 1459 578 1512 Midae
632 1459 744 1527 regi
799 1457 1093 1526 supradicto
1140 1455 1398 1509 adsidenti
1446 1455 1542 1507 soli
1587 1455 1863 1522 displicuit.
1927 1470 2085 1522 quam
2132 1457 2197 1508 ob

111 1561 324 1600 causam
349 1544 532 1613 Apollo
571 1543 635 1596 ob
675 1543 892 1595 eandem
918 1541 1209 1606 stultitiam,
1247 1555 1405 1608 quam
1431 1542 1484 1593 et
1510 1555 1666 1607 supra
1691 1545 1920 1606 gesserat
1935 1540 2000 1606 ‚in
2024 1540 2200 1593 Liberi

253 1685 344 1750 Ceo
373 1690 580 1748 matrone
615 1683 663 1726 in
692 1682 866 1739 species
904 1682 1004 1725 sine
1032 1693 1223 1724 numero
1244 1682 1355 1735 post
1382 1680 1444 1724 66
1467 1680 1539 1722 Μ
1676 1680 1703 1722 1
1750 1679 1855 1723 Ceae
1883 1679 1964 1733 M,
2012 1639 2103 1724 Ctee
2131 1681 2201 1735 N,

918 1749 942 1772 a
962 1736 1100 1772 bach0³
1543 1735 1825 1771 assimulatore2

112 1783 229 1830 (3aeae
267 1783 316 1841 V,
364 1783 582 1827 Thraciae
611 1781 744 1838 vulgo
887 1781 1092 1825 alibero
1121 1780 1201 1832 M,
1245 1778 1389 1823 liuero
1419 1779 1480 1822 N
1524 1779 1539 1834 ΙΙ
1590 1779 1743 1823 emuli-1
1771 1779 1854 1834 M,
1903 1777 2054 1822 emulo
2083 1779 2145 1822 N
2181 1782 2195 1830 ss

111 1857 258 1901 uarias
288 1854 464 1911 species
496 1854 555 1906 0,
601 1866 720 1908 spec.
751 1852 904 1896 varias
950 1851 992 1905 V,
1039 1850 1221 1896 arbores
1249 1851 1402 1895 varias
1432 1850 1566 1907 vulyo
1617 1850 1631 1906 ΙΙ
1682 1850 1847 1903 uaria(s
1875 1849 1969 1893 add
1997 1863 2045 1892 m
2073 1849 2117 1902 2)
2148 1849 2209 1893 N

255 1924 501 1970 Contactus
530 1924 636 1984 nide
666 1924 759 1978 (sic)
788 1925 836 1967 in
866 1929 977 1967 auri-1
997 1925 1109 1979 post
1136 1922 1195 1966 84
1214 1924 1285 1975 (85
1305 1934 1388 1966 nec
1409 1922 1519 1966 satis
1548 1935 1597 1976 sq
1627 1927 1716 1974 om)
1746 1921 1846 1965 sine
1874 1933 2063 1965 numero
2092 1920 2163 1962 M
2189 1919 2203 1976 ΙΙ

113 1997 353 2053 exscripsit
379 1994 586 2052 fabulam
615 1994 837 2052 Mythoyr
864 1993 952 2039 Vat
970 1994 1080 2038 188
1105 1996 1150 2049 (p
1170 1992 1239 2048 30,
1264 1992 1376 2048 IOsq
1394 1991 1550 2046 Rode)
1694 1992 1724 2037 3
1752 1991 1892 2036 Liber
1920 1996 2051 2047 pater
2068 1990 2202 2046 vulgo

113 2071 221 2113 ante
249 2066 553 2112 Munckerum
602 2067 616 2122 ΙΙ
667 2079 694 2110 a
723 2065 893 2110 thracia
930 2066 981 2109 N
1023 2066 1039 2119 ss
1079 2063 1270 2108 tmolum
1301 2064 1350 2107 N
1386 2063 1438 2116 V,
1475 2062 1709 2113 tholmolsl
1732 2067 1776 2114 (o
1805 2062 1938 2118 prius
1970 2060 2071 2118 virq
2091 2075 2202 2117 per-

113 2139 234 2196 fodit
261 2153 308 2182 m
336 2138 379 2192 2,
408 2137 423 2181 l
452 2151 567 2190 eras,
596 2136 722 2181 moli-1
750 2136 770 2180 i
797 2150 823 2180 r
851 2150 898 2180 m
926 2135 969 2190 2,
1011 2134 1144 2180 tholu
1173 2135 1355 2179 videtur
1382 2134 1527 2190 fuisse
1555 2148 1585 2177 a
1614 2148 1662 2177 m
1694 2133 1736 2186 Ι)
1765 2133 1837 2176 Μ
1883 2133 1897 2188 ΙΙ
1949 2132 2123 2189 Lydiae
2155 2131 2203 2174 0

0 2274 2 2282 ι
73 2230 75 2232 ·
113 2209 351 2266 Muncker,
382 2208 565 2253 Ciliciae
595 2208 641 2254 V
663 2208 797 2264 vulgo
828 2207 937 2252 olim
1088 2207 1117 2250 4
1146 2219 1260 2251 com.
1291 2204 1480 2250 Bacchis
1509 2208 1701 2261 peteret]
1734 2205 1799 2248 sic
1837 2203 1879 2249 V
1901 2204 2048 2260 vulyo,
2086 2216 2200 2248 com.

116 2285 236 2326 esset
274 2279 427 2325 bachis
471 2286 624 2336 petere
667 2279 748 2334 M,
795 2279 1038 2324 comitatur
1081 2282 1202 2323 esset
1238 2275 1395 2321 bachis
1424 2280 1599 2367 petere}
1627 2275 1744 2374 {gezi}
1795 2274 1984 2332 phriges
2012 2273 2093 2331 M,
2123 2273 2200 2317 fri-

118 2393 200 2437 ges
227 2379 289 2424 N
422 2378 452 2423 5
481 2378 636 2423 midan
664 2378 733 2431 N,
762 2377 934 2435 mydan
962 2376 1043 2429 M,
1073 2375 1242 2420 Midam
1274 2374 1318 2421 V
1338 2375 1469 2431 vulgo
1518 2376 1534 2430 11
1587 2375 1704 2419 abeo
1734 2374 1806 2417 M
1943 2374 1974 2418 6
2001 2370 2204 2417 reddidit

121 2478 167 2522 O
198 2477 246 2535 V,
276 2476 482 2523 redditus
501 2477 635 2533 vulgo
676 2477 690 2532 ΙΙ
733 2482 779 2521 et
808 2475 869 2520 ob
899 2475 971 2518 M
1005 2474 1054 2529 V,
1085 2432 1156 2527 (ii
1173 2478 1214 2527 r)
1246 2475 1306 2519 ob
1326 2474 1388 2528 Ν,
1419 2474 1545 2530 quod
1567 2473 1627 2518 ob
1648 2473 1798 2530 vulyo,
1828 2472 1879 2517 id
1899 2472 1960 2517 ob
1981 2471 2207 2519 Muncker

118 2550 143 2594 7
173 2548 255 2593 sed
285 2547 397 2605 quid
425 2548 486 2591 N
529 2548 543 2603 ΙΙ
581 2552 634 2591 ut
661 2547 738 2591 ille
767 2552 819 2591 ut
849 2558 1056 2603 quaeque
1083 2546 1139 2589 N
1172 2546 1187 2601 11
1235 2545 1324 2601 ille,
1354 2550 1406 2588 ut
1437 2557 1645 2601 quaeque
1674 2549 1809 2597 cont„
1839 2556 1998 2588 aurum
2028 2543 2205 2599 fierent,

117 2619 250 2676 petiit
276 2618 506 2676 Micyllus,
552 2617 630 2663 ille
657 2618 804 2674 petiit,
835 2629 1132 2674 quaecunque
1161 2621 1294 2672 cont.,
1339 2628 1497 2660 aurum
1541 2614 1707 2659 fierent
1736 2614 1961 2659 Muneker
2009 2615 2024 2671 ΙΙ
2074 2615 2209 2661 fieret

118 2691 190 2734 M
221 2689 271 2747 V,
300 2689 467 2734 fierent
494 2689 555 2733 N
577 2688 711 2744 vulyo
826 2688 855 2733 8
882 2687 1072 2733 inhutile
1099 2689 1154 2732 N
1200 2688 1216 2744 ΙΙ
1266 2686 1425 2731 inutile
1454 2686 1563 2742 fuit]
1594 2699 1698 2730 nam
1730 2685 1883 2742 coepit
1911 2687 1982 2730 sui
2012 2687 2114 2731 voti
2142 2686 2208 2731 af-

74 2789 81 2803 :
119 2761 241 2806 fectu
272 2760 456 2814 [effectu
473 2762 509 2812 ‚21
540 2760 763 2815 torqueri;
795 2759 902 2815 quia
931 2758 1150 2815 quicquid
1177 2758 1402 2814 tetigerat,
1433 2770 1592 2802 aurum
1624 2757 1777 2801 statim
1799 2756 2089 2802 efficiebatur
2116 2757 2209 2801 add

119 2831 258 2890 Myth
286 2832 380 2878 Vat
400 2831 414 2886 ΙΙ
437 2829 522 2875 cui'
555 2830 590 2884 (i
608 2845 631 2874 e
649 2830 792 2884 cuius)
821 2831 882 2874 N
960 2830 991 2875 9
1019 2830 1138 2875 enim
1168 2843 1270 2874 eum
1303 2829 1415 2886 (fort
1436 2831 1567 2882 recte)
1588 2829 1655 2884 N,
1689 2829 1821 2872 enim·
1839 2834 1891 2872 ut
1928 2827 1970 2873 V
2002 2829 2016 2884 ΙΙ
2052 2841 2208 2885 perue-

121 2903 258 2956 nire(t
285 2902 378 2946 add
406 2915 454 2945 m
482 2901 528 2951 2)
558 2902 639 2958 M,
668 2902 925 2958 perueniret
952 2901 1013 2945 N
1046 2900 1089 2946 V
1134 2901 1149 2956 ss
1199 2901 1269 2957 (se
1298 2901 1390 2944 add
1418 2902 1494 2953 m)
1526 2903 1811 2955 supponeret
1839 2899 1910 2942 M
1945 2898 1995 2953 V,
2026 2912 2075 2944 se
2104 2913 2208 2955 sup·

122 2986 294 3030 ponere
323 2973 391 3023 N,
432 2986 482 3017 se
510 2973 687 3018 lavaret
714 2973 847 3029 vulgo
888 2973 903 3029 ΙΙ
952 2973 1006 3030 cf
1026 2975 1119 3017 met
1137 2971 1220 3016 XI
1232 2971 1314 3016 141
1432 2971 1488 3017 10
1515 2970 1701 3020 rediret]
1731 2970 1796 3014 sic
1828 2970 1873 3013 Ο
1914 2968 1956 3014 V
1988 2971 2003 3026 ΙΙ
2044 2970 2210 3016 coloris

123 3056 257 3107 auree
284 3044 381 3100 (sic)
412 3044 472 3087 N
516 3044 531 3099 ΙΙ
582 3050 702 3089 esset
729 3045 801 3088 M
827 3044 879 3098 V,
910 3058 983 3089 om
1012 3047 1123 3098 (non
1152 3042 1394 3100 abscisum)
1423 3044 1490 3098 N,
1524 3055 1625 3087 esse
1655 3041 1807 3097 coepit
1835 3041 1969 3098 vulyo

265 3115 388 3176 Mida
416 3128 548 3159 aures
575 3116 623 3159 in
653 3115 768 3160 asini
797 3128 928 3160 aures
954 3119 1059 3172 post
1089 3115 1176 3160 145
1201 3116 1272 3158 Μ
1424 3115 1536 3168 llsq
1566 3112 1664 3156 Pan
1694 3111 2106 3169 cum-displicuit]
2136 3127 2210 3156 ex-

123 3186 308 3242 scripsit
326 3185 546 3243 Mythoyr
580 3187 671 3233 Vat
689 3187 725 3231 I
738 3187 798 3232 90
827 3190 876 3243 (p
896 3186 954 3232 30
972 3187 1114 3242 Bode)
1154 3188 1169 3243 ΙΙ
1208 3186 1374 3231 Tmolo
1404 3185 1584 3240 scripsi,
1626 3182 1803 3228 thomlu
1849 3184 1942 3236 (sed
1972 3196 2000 3227 0
2032 3182 2212 3239 virgula

124 3299 328 3357 perfodit
355 3314 402 3343 m
431 3298 472 3354 2,
505 3311 659 3349 osser
686 3300 841 3344 eadem
875 3301 919 3344 et
955 3313 986 3344 u
1014 3299 1066 3344 in
1088 3312 1116 3344 o
1145 3313 1259 3352 corr,
1287 3301 1343 3343 ut
1378 3311 1503 3343 nunc
1540 3300 1687 3343 exstet
1715 3255 1875 3348 thzlmlo
1919 3296 1969 3340 in
2013 3301 2088 3347 m)
2130 3295 2211 3350 M,

126 3370 335 3416 Tmolum
355 3371 415 3415 N
439 3369 482 3415 V
503 3370 637 3427 vulyo
679 3370 695 3426 ΙΙ
733 3375 889 3415 monte
921 3369 1095 3425 scripsi,
1130 3373 1305 3424 mont(e
1333 3370 1397 3414 ir
1426 3383 1472 3413 m
1492 3368 1533 3424 2,
1563 3368 1748 3424 virgula
1767 3381 1918 3423 paene
1954 3367 2102 3422 erasa)
2132 3367 2213 3420 M,

127 3446 327 3486 montem
356 3442 412 3485 N
440 3439 483 3486 V
503 3441 634 3497 vulyo
662 3443 677 3495 fl
705 3440 830 3485 lidiae
858 3441 930 3484 M
975 3442 990 3497 ΙΙ
1036 3440 1275 3500 fredntilus
1304 3446 1351 3494 (n
1371 3443 1486 3493 eras)
1507 3439 1586 3492 M,
1616 3438 1911 3494 frequentans
1931 3438 1991 3481 N
2019 3437 2051 3482 V
2078 3438 2213 3494 vulyo

128 3511 186 3557 12
214 3512 458 3568 agrestium
487 3512 548 3556 N
579 3510 635 3604 1}ss
657 3513 804 3569 vulgo,
844 3516 1027 3568 εει-θεῶ
1055 3513 1126 3555 M
1175 3513 1190 3568 ΙΙ
1245 3511 1392 3569 gloria
1435 3522 1678 3567 aggressus
1727 3514 1796 3553 est
1842 3507 2127 3564 nimpharum
2159 3508 2220 3551 N

129 3611 188 3657 13
214 3609 358 3655 tmolo
387 3612 441 3655 N
479 3610 530 3665 V,
563 3611 738 3656 thmolo
767 3612 839 3655 M
870 3611 884 3667 ΙΙ
935 3615 1032 3656 erat
1059 3611 1214 3668 itaque
1242 3623 1342 3655 cum
1372 3611 1433 3654 N
1513 3610 1571 3653 14
1599 3607 1720 3663 regis
1749 3608 1810 3651 N
1890 3607 1947 3652 15
1976 3619 2094 3651 caus.
2126 3619 2215 3662 ego

131 3681 225 3737 (sic)
247 3680 400 3736 apollo
429 3682 482 3726 N
512 3684 527 3736 1!
558 3696 692 3739 quam
722 3684 776 3727 N
802 3681 852 3736 V,
883 3685 990 3738 qu&
1018 3682 1037 3726 i
1061 3695 1150 3726 rm
1169 3682 1214 3734 2)
1242 3682 1313 3725 Μ
1345 3681 1360 3737 11
1400 3686 1447 3726 et
1475 3692 1611 3735 supra
1636 3679 1707 3722 M
1732 3678 1781 3734 V,
1812 3682 1877 3732 (et
1897 3682 1985 3732 om)
2006 3690 2143 3734 supra.
2161 3677 2214 3721 Ν

1787 3749 1875 3792 44*
