2554 4094
2138 200 2212 238 V11

127 353 202 412 ut,
242 351 300 399 id
335 349 485 412 quod
520 348 650 398 olim
675 346 962 410 putabant,
1003 357 1192 394 omnes
1227 343 1402 392 nostri
1439 342 1564 391 libri
1596 343 1672 391 ad
1698 357 1868 391 unum
1907 341 2073 390 medii
2094 343 2215 390 aevi

123 434 478 497 archetypum
515 431 781 482 redirent!
848 445 911 479 ac
950 430 1209 493 leqerunt,
1260 430 1320 477 ut
1354 441 1420 477 ex
1467 427 1654 476 multis
1685 440 1894 489 paucos
1927 427 2213 488 praecipue

48 557 51 559 Α
124 532 553 579 commemorem,
579 515 1047 578 Metamorphoses
1085 513 1303 563 saeculo
1338 514 1489 562 sexto
1526 511 1785 572 Isidorus,
1822 512 2052 574 septimo
2077 511 2210 559 Ald-

45 635 52 640 ·
121 603 337 655 helmus
362 601 859 652 Malmesburiensis
883 598 967 663 (cf
986 599 1291 648 testimonia
1322 599 1506 647 nostra
1543 597 1616 646 ad
1649 597 1784 646 XIV
1801 596 1874 645 55
1890 595 1995 657 sq),
2023 598 2212 645 octavo

44 682 50 686 ’
123 689 207 739 vel
239 702 387 738 nono
422 688 613 737 auctor
649 687 787 735 vitae
818 685 1140 748 Leudeyarii
1171 684 1427 746 Martyris
1455 686 1647 744 (quem
1686 683 1816 744 post
1856 695 2062 730 annum
2108 682 2212 730 684

44 792 50 795 ·
119 774 400 837 scripsisse
453 772 681 820 testatur
732 769 941 818 Traube
976 768 1065 817 III
1095 767 1168 830 1),
1229 766 1564 830 Theodulfus
1611 766 2019 815 Aurelianensis
2068 765 2210 829 (Ma-

54 890 58 892 -
119 858 290 908 nitius
324 857 359 907 I
387 854 532 918 540),
572 855 753 904 Micon
769 851 825 915 1),
867 854 1276 903 Wandalbertus
1312 851 1599 915 (Manitius
1628 852 1662 900 Ι
1680 849 1825 913 558),
1864 852 2112 900 Heiricus
2135 850 2220 915 (cf

46 988 50 989 ⁷
122 943 298 993 testim
331 943 516 991 nostra
541 940 615 990 ad
636 939 724 988 III
747 940 848 988 704
873 939 930 987 Χ
950 939 1021 987 84
1046 938 1159 987 XII
1179 936 1290 999 54),
1328 938 1535 986 decimo
1572 937 1778 986 Notker
1811 932 1896 1001 (cf
1925 938 2101 986 testim
2139 937 2214 985 ad

40 1068 48 1089 :2
119 1027 206 1077 IX
218 1024 347 1088 187)
383 1028 437 1076 et
453 1027 645 1075 auctor
666 1025 923 1074 carminis
960 1023 1123 1084 illius,
1168 1022 1316 1084 quod
1339 1022 1653 1071 inscribitur
1672 1022 1899 1071 Ecbasis
1926 1021 2137 1085 Captivi
2144 1017 2206 1083 2).

119 1111 335 1162 saeculo
370 1113 550 1160 autem
602 1110 888 1159 undecimo
942 1123 1055 1158 non
1093 1110 1175 1157 est
1214 1108 1364 1169 quod
1397 1121 1705 1156 enumerem
1743 1121 1851 1167 eos,
1906 1108 2003 1169 qui
2036 1108 2208 1157 Meta-

45 1186 50 1246 ᾗ
118 1196 439 1259 morphoses
495 1196 735 1259 legerint,
798 1197 896 1243 aut
946 1193 1315 1253 bibliothecas,
1374 1194 1430 1241 in
1488 1193 1688 1254 quibus
1742 1193 1983 1255 exempla
2032 1193 2209 1256 fuisse

123 1283 327 1332 veteres
352 1282 586 1344 33131391
609 1275 1004 1344 confirmant3).
1068 1280 1299 1340 easdem,
1339 1293 1461 1328 cum
1489 1281 1671 1328 essent
1707 1281 1762 1327 in
1801 1280 1868 1328 iis
1905 1279 2073 1340 libris,
2114 1281 2211 1341 qui

119 1367 175 1415 in
211 1366 408 1416 scholis
446 1366 750 1429 leyerentur
761 1361 822 1427 4),
863 1365 1041 1413 medio
1070 1378 1288 1426 quoque
1323 1378 1456 1413 aevo
1491 1365 1892 1414 commentariis
1919 1365 2209 1414 instructas

117 1465 235 1500 esse
269 1466 382 1501 non
419 1452 617 1500 mirum
658 1451 881 1499 videtur.
948 1450 1147 1499 horum
1185 1450 1617 1510 antiquissimu&
1660 1451 1720 1498 ut
1757 1450 1854 1510 qui
1880 1451 1953 1498 sit
1974 1451 2208 1512 scriptus

115 1549 239 1585 saec
274 1536 370 1597 XI,
425 1538 508 1585 est
561 1537 622 1596 is,
681 1535 747 1584 de
803 1548 911 1596 quo
977 1534 1275 1596 disputavit
1327 1528 1594 1594 Meiser5).
1687 1534 1787 1582 sed
1842 1536 2034 1583 auctor
2091 1537 2208 1585 eius

121 1620 370 1670 Ovidium
443 1620 775 1683 temporibus
839 1619 1141 1668 Domitiani
1198 1619 1455 1683 floruisse
1515 1620 1569 1666 et
1627 1618 1976 1668 christianum
2033 1620 2208 1683 fuisse

111 1705 309 1769 finqit!
341 1718 516 1767 neque
553 1705 844 1765 quicquam
882 1704 938 1752 in
971 1704 1117 1752 notis
1156 1704 1275 1752 istis
1307 1704 1403 1763 est,
1450 1703 1601 1764 quod
1638 1704 1865 1752 veterem
1907 1705 2205 1754 doctrinam

115 1791 308 1853 sapiat,
345 1783 488 1839 nihil
522 1788 674 1851 quod
695 1802 987 1837 commune
1015 1789 1088 1836 sit
1123 1802 1247 1837 cum
1273 1788 1522 1836 Lactanti
1544 1788 1751 1836 Placidi
1785 1790 2204 1850 narrationibu3‚

31 1883 33 1885 ’
117 1874 261 1924 nihil
312 1874 561 1936 denique,
620 1873 770 1935 quod
803 1874 877 1922 sit
910 1873 1143 1922 alicuius
1174 1874 1351 1935 pretii.
1431 1872 1571 1921 illud
1624 1874 1803 1922 tamen
1859 1876 2207 1925 memorabile

120 1959 343 2020 videtur,
380 1958 729 2008 scholiastam
767 1958 842 2007 ad
873 1958 958 2007 IX
989 1959 1112 2018 294,
1155 1958 1252 2007 ubi
1298 1958 1492 2007 lemma
1529 1959 1613 2007 est
1647 1957 1884 2008 lucinam
1922 1974 2204 2024 nexusque

32 2043 35 2052 ²
116 2058 292 2108 pares,
329 2043 465 2093 haec
499 2045 715 2093 notare:
748 2043 837 2092 vel
874 2043 1027 2092 aliter
1064 2043 1363 2093 secundum
1402 2042 1549 2106 quod
1592 2043 1813 2106 quidam
1850 2045 1970 2094 libri
2003 2045 2207 2095 habent

121 2143 417 2193 ,noxasque
454 2129 619 2178 deas’.
694 2143 822 2178 nam
870 2130 921 2178 si
957 2128 1045 2178 ille
1080 2143 1193 2178 non
1240 2143 1410 2178 unum
1447 2130 1547 2178 sed
1588 2130 1874 2191 ,quosdam
1914 2131 2097 2180 libros‘
2148 2133 2203 2180 in

118 2214 404 2276 scribendo
427 2216 554 2263 ante
579 2214 766 2263 oculos
791 2213 1001 2275 habuit,
1023 2215 1147 2278 fieri
1164 2215 1361 2277 potuit,
1391 2216 1452 2263 ut
1484 2216 1590 2264 iam
1615 2216 1832 2265 saeculo
1856 2216 1943 2264 XI
1961 2218 2202 2280 exempla

117 2338 242 2366 mum
271 2328 317 2366 et
343 2326 564 2365 doctrinae
596 2325 778 2376 plenum
809 2326 980 2364 ‘Poetae
1009 2327 1106 2365 aevi
1135 2325 1328 2365 Carolini
1355 2327 1411 2365 ed
1441 2326 1698 2367 Duemmler
1731 2328 1880 2367 Berlin
1910 2329 2038 2368 1884'
2066 2332 2111 2368 et
2139 2331 2202 2369 in-

31 2423 34 2444 ;
113 2397 272 2448 primis
302 2398 469 2436 tomum
488 2396 566 2443 III,
595 2407 723 2445 quem
747 2396 952 2435 LTraube
970 2397 1101 2436 annis
1120 2393 1307 2447 1886l96
1327 2397 1471 2436 edidit.
1504 2399 1553 2448 cf
1564 2399 1695 2437 etiam
1717 2399 1874 2449 STafel
1892 2399 1945 2438 13
1971 2412 2004 2450 p
2029 2401 2082 2439 72
2112 2400 2202 2438 ‘Die

120 2467 332 2508 Kenntnis
361 2467 493 2506 Ovids
522 2466 662 2506 bricht
691 2467 888 2506 offenbar
915 2468 1099 2506 niemals
1129 2479 1240 2517 ganz
1271 2468 1339 2507 ab’
1370 2470 1415 2507 et
1445 2480 1555 2518 quae
1585 2470 1695 2508 dixit
1720 2470 1979 2520 Sedlmayer
2003 2472 2203 2521 Beitra‘ye

27 2548 32 2594 j
116 2551 142 2579 z
171 2537 304 2578 Gesch
346 2538 426 2577 der
469 2537 751 2577 Ovidstudien
790 2539 850 2576 im
897 2538 1152 2577 Mittelalter
1193 2536 1382 2586 (Wiener
1421 2539 1605 2579 Studien
1635 2541 1692 2579 VI
1731 2541 1861 2592 1884)
1898 2554 1929 2592 p
1960 2541 2066 2581 148.-
2111 2543 2201 2581 ‘Die

29 2613 32 2618 ’
115 2608 490 2659 Metamorphosen
518 2607 678 2647 hiessen
706 2609 767 2647 im
796 2608 1041 2648 Mittelalter
1070 2608 1249 2648 ovidius
1280 2620 1464 2659 magnus
1495 2610 1598 2649 oder
1631 2610 1809 2651 Ovidius
1840 2613 2003 2652 maior’.

259 2676 305 2731 1)
337 2679 395 2729 Cf
416 2678 558 2718 HKeil
585 2679 669 2718 1ηά
695 2680 814 2718 schol
844 2680 928 2719 Hal
954 2682 1050 2719 aest
1077 2680 1203 2726 1872,
1233 2681 1445 2720 Manitius
1474 2681 1499 2719 I
1525 2681 1621 2722 472.

257 2748 302 2803 2)
334 2750 393 2801 Cf
414 2750 588 2799 EVoiyt,
618 2750 799 2789 Ecbasis
828 2751 1010 2801 Captivi,
1057 2751 1304 2802 Strassbury
1333 2752 1446 2791 1875
1472 2764 1504 2802 p
1534 2753 1590 2792 28
1619 2755 1664 2792 et
1702 2755 1787 2793 test
1811 2755 1869 2794 ad
1896 2754 1921 2792 Ι
1947 2755 1999 2793 11
2031 2755 2075 2793 Χ
2100 2755 2197 2794 559.

257 2821 299 2871 3)
332 2820 390 2870 C'f
411 2821 669 2870 Przychoclti
695 2821 909 2860 Accessus
941 2821 1143 2861 Ouidiani
1166 2833 1199 2871 p
1231 2824 1258 2861 6
1287 2824 1331 2861 et
1362 2822 1481 2873 Tafel
1511 2823 1527 2861 l
1554 2835 1577 2862 c
1603 2835 1635 2873 p
1665 2825 1720 2863 59
1735 2835 1797 2874 sq.

256 2890 299 2940 4)
330 2890 482 2943 Multa,
527 2902 637 2940 quae
667 2892 754 2931 huc
779 2893 1015 2942 pertinent,
1047 2894 1266 2942 congessit
1299 2893 1562 2943 Przychocki
1590 2895 1644 2934 lc
1669 2907 1701 2944 p
1731 2896 1770 2935 9.
1802 2895 1885 2936 hoc
1916 2897 2028 2936 idem
2060 2897 2198 2936 valere

113 2962 167 3001 de
195 2962 461 3002 carminibus
487 2962 885 3012 Pseudoovidianis,
917 2966 968 3003 ut
994 2975 1105 3013 quae
1139 2966 1294 3013 poetae
1330 2976 1490 3004 nomen
1517 2977 1624 3015 prae
1651 2977 1699 3005 se
1726 2967 1911 3016 ferentia
1937 2969 2119 3018 perinde
2148 2980 2198 3007 33

108 3033 300 3082 ¹qenuina
331 3032 375 3071 in
394 3032 550 3071 scholis
568 3034 660 3072 sint
679 3033 880 3081 lectitata,
910 3035 1225 3074 demonstravit
1254 3035 1366 3074 idem
1395 3048 1427 3085 p
1445 3036 1503 3075 34
1517 3048 1580 3086 sq,
1613 3039 1661 3087 cf
1685 3037 1873 3078 CPascal
1899 3039 2091 3078 Letterat
2117 3040 2199 3078 Lat

111 3103 280 3142 Mediev
307 3114 339 3152 p
367 3103 421 3142 81
438 3114 490 3152 sq
518 3105 563 3142 et
593 3104 711 3154 Tafel
739 3105 755 3143 l
782 3116 806 3144 3
832 3117 863 3155 p
892 3107 949 3145 57
963 3117 1026 3155 sq.

255 3173 296 3222 5)
324 3173 609 3223 Sitzunysber
635 3176 667 3214 d
693 3175 855 3215 Miinch
883 3176 950 3215 Ah
979 3178 1104 3227 1885,
1138 3177 1193 3215 47
1208 3189 1272 3226 sq.
1330 3177 1662 3218 similitudinem
1692 3182 1910 3229 quandam
1931 3182 2065 3221 huius
2080 3193 2195 3221 com-

113 3243 317 3282 mentarii
355 3242 519 3282 habent
559 3245 730 3284 ‘scholia
775 3242 1094 3296 Amploniana',
1138 3258 1249 3296 quae
1291 3250 1399 3287 sunt
1424 3249 1641 3299 adscripta
1673 3252 1717 3289 in
1747 3253 1943 3302 maryine
1971 3253 2199 3303 Erfurtani

112 3314 271 3354 codicis
299 3313 582 3363 Amploniani
619 3317 780 3365 prioris
810 3313 896 3371 (e),
927 3319 977 3368 cf
998 3316 1168 3364 RGrau,
1198 3318 1262 3356 De
1281 3317 1355 3358 Ov.
1374 3319 1476 3358 Met.
1509 3321 1600 3360 cod.
1620 3321 1754 3372 Ampl
1778 3324 1925 3372 priore
1953 3324 2066 3364 Diss.
2097 3324 2193 3364 Hal.

111 3370 237 3434 1892,
270 3386 334 3424 73.
391 3384 503 3424 idem
548 3388 824 3427 exscribenda
869 3390 1036 3427 curavit
1078 3387 1125 3438 (p
1155 3389 1208 3427 81
1226 3391 1294 3439 sq)
1338 3390 1496 3430 scholia
1531 3393 1701 3441 potiora
1731 3394 1789 3432 ad
1816 3395 1949 3434 libros
1980 3395 2025 3433 II
2049 3397 2094 3434 et
2123 3395 2199 3434 VII

109 3456 383 3505 pertinentia.
443 3455 496 3494 de
524 3456 610 3496 alio
638 3461 964 3506 commentario,
995 3460 1073 3508 qui
1099 3461 1168 3498 est
1195 3460 1358 3499 saeculi
1384 3462 1485 3500 XIV
1508 3463 1618 3502 dixit
1638 3464 1841 3504 Haure'au
1870 3465 1960 3504 Sur
1988 3478 2047 3504 un
2078 3477 2194 3504 com-

111 3527 320 3565 mentaire
354 3526 430 3564 des
458 3526 834 3578 Metamorphoses
871 3530 1063 3576 d'Ovide,
1102 3530 1335 3570 Me'moires
1372 3532 1425 3571 de
1462 3532 1673 3573 I'Institut
1699 3535 1906 3575 National
1933 3537 1986 3575 de
2015 3537 2193 3581 France,

111 3594 339 3635 Academie
375 3595 452 3634 des
488 3597 614 3637 Inscr
648 3601 693 3637 et
719 3600 862 3639 Belles
891 3601 1039 3640 lettres
1067 3601 1216 3639 XXXI
1242 3603 1270 3640 2
1303 3603 1452 3654 (1883)
1485 3605 1540 3643 45
1555 3617 1618 3654 sq.
1684 3606 1813 3655 plura
1852 3607 2025 3656 colleyit
2061 3608 2192 3657 Przy-

108 3665 252 3705 chooki
278 3666 295 3705 l
322 3677 345 3705 c
372 3661 492 3704 3816.
