2580 4088
777 213 861 259 Ov.
891 212 1072 258 Metam.
1102 211 1202 258 Lib.
1233 213 1311 268 XI,
1344 226 1389 258 v.
1420 216 1659 259 394—435.
2151 220 2252 267 427

167 357 233 410 ad
270 355 501 411 Clarium
538 357 688 423 parat
723 355 796 408 ire
835 356 1016 418 deum3
1051 370 1176 409 nam
1211 356 1407 425 templa
1443 355 1688 425 profanus

166 441 305 495 invia
339 456 460 494 cum
496 439 745 508 Phlegyis
783 439 1005 494 faciebat
1040 440 1292 510 Delphica
1327 441 1574 495 Phorbas

166 523 368 579 consilii
402 525 579 578 tamen
616 526 736 578 ante
774 525 871 590 sui,
909 525 1176 591 fidissima,
1214 527 1411 580 certam
2183 539 2254 579 415

165 613 218 664 te
255 608 394 674 facit,
428 609 690 677 Alcyone;
754 610 839 663 cui
875 611 1111 678 protinus
1148 611 1333 664 intima
1369 611 1533 680 frigus

166 709 285 749 ossa
318 695 636 763 receperunt,
673 693 910 762 buxoque
949 695 1247 749 simillimus
1284 712 1374 750 ora

166 780 331 849 pallor
366 779 488 843 obit,
524 778 858 847 lacrimisque
895 795 1056 847 genae
1095 781 1340 835 maduere
1377 781 1616 851 profusis·

166 867 247 917 ter
283 866 468 918 conata
503 863 646 932 loqui
682 865 762 917 ter
798 864 1009 918 fletibus
1046 880 1134 918 ora
1169 866 1371 934 rigavit,

167 949 501 1017 singultuque
537 949 650 1018 pias
691 949 1103 1018 interrumpente
1144 952 1399 1018 querellas
2180 962 2253 1003 420

162 1027 317 1102 ‘quae
353 1048 472 1087 mea
509 1033 662 1102 culpa
696 1030 880 1099 tuam',
917 1034 1044 1087 dixit
1075 1029 1381 1102 ‘carissima
1418 1038 1650 1091 mentem

167 1118 357 1173 vertit?
394 1118 486 1172 ubi
522 1119 616 1180 est,
654 1134 786 1187 quae
825 1134 950 1172 cura
984 1119 1090 1172 mei
1127 1120 1264 1189 prior
1301 1137 1414 1175 esse
1452 1122 1689 1176 solebat?

166 1203 273 1257 iam
309 1205 454 1272 potes
490 1204 719 1273 Alcyone
757 1219 970 1258 securus
1009 1205 1191 1258 abesse
1227 1206 1446 1260 relicta?

166 1289 272 1341 iam
307 1288 392 1341 via
426 1288 581 1356 longa
618 1287 823 1357 placet?
895 1289 1003 1343 iam
1040 1306 1159 1343 sum
1195 1291 1292 1344 tibi
1330 1292 1494 1345 carior
1531 1292 1759 1345 absens?

167 1373 234 1437 at,
270 1374 411 1441 puto,
445 1388 537 1442 per
572 1375 737 1427 terras
773 1375 872 1427 iter
909 1376 1002 1439 est,
1039 1376 1349 1444 tantumque
1388 1377 1584 1441 dolebo,
2176 1386 2248 1427 425

165 1473 270 1511 non
295 1458 455 1512 etiam
490 1460 736 1524 metuam,
777 1475 1032 1528 curaeque
1068 1460 1253 1514 timore
1290 1462 1567 1515 carebunt!

165 1556 389 1610 aequora
424 1558 510 1596 me
546 1544 745 1596 terrent
782 1546 834 1597 et
869 1544 1016 1613 ponti
1053 1545 1218 1598 tristis
1254 1546 1447 1613 imago:

165 1629 219 1680 et
252 1627 451 1680 laceras
487 1643 652 1696 nuper
686 1628 895 1682 tabulas
931 1631 987 1681 in
1021 1630 1171 1682 litore
1207 1630 1312 1683 vidi

166 1713 219 1763 et
255 1726 407 1780 saepe
443 1712 499 1764 in
533 1713 750 1766 tumulis
787 1715 899 1766 sine
940 1728 1145 1782 corpore
1180 1714 1394 1767 nomina
1427 1714 1545 1782 legi.

165 1811 293 1850 neve
330 1798 482 1850 tuum
518 1797 676 1851 fallax
711 1799 946 1850 animum
980 1798 1173 1851 fiducia
1209 1799 1411 1866 tangat,
2176 1809 2248 1850 430

166 1881 304 1948 quod
340 1897 485 1936 socer
518 1881 839 1951 Hippotades
875 1883 973 1936 tibi
1010 1884 1091 1948 sit,
1129 1883 1219 1951 qui
1256 1898 1457 1937 carcere
1496 1883 1653 1937 fortes

165 1966 428 2020 contineat
463 1969 642 2021 ventos
680 1970 746 2031 et,
785 1983 907 2021 cum
943 1969 1081 2033 velit,
1119 1984 1342 2036 aequora
1377 1969 1576 2037 placet!

166 2065 288 2103 cum
325 2051 486 2104 semel
523 2052 701 2105 emissi
737 2054 1019 2106 tenuerunt
1056 2068 1281 2121 aequora
1317 2054 1472 2119 venti,

164 2134 238 2187 nil
274 2135 378 2188 illis
415 2137 636 2190 vetitum
674 2138 767 2202 est,
804 2139 1328 2206 incommendataque
1365 2139 1522 2192 tellus

164 2222 332 2274 omnis
371 2225 424 2274 et
461 2237 613 2275 omne
654 2222 847 2276 fretum
885 2232 979 2276 est.
1056 2225 1186 2276 caeli
1225 2239 1429 2291 quoque
1466 2224 1646 2277 nubila
1683 2225 1870 2276 vexant
2180 2234 2252 2275 435

247 2361 365 2452 ¹2413
393 2361 531 2406 uaria
550 2377 608 2406 ex
627 2376 730 2407 corr
749 2378 797 2407 m
813 2363 846 2407 2
863 2363 999 2417 (clam
1020 2364 1131 2421 fuit)
1152 2364 1232 2416 M,
1263 2331 1476 2416 elari(umi
1504 2377 1529 2406 r
1559 2378 1606 2407 m
1635 2363 1679 2415 2)
1710 2362 1776 2419 N,
1808 2362 1863 2414 ου
1894 2377 1949 2406 εω
1979 2363 2161 2416 marium
2192 2366 2250 2418 F,

164 2459 330 2506 clarum
361 2473 390 2505 e
432 2462 447 2517 fl
488 2461 672 2506 clarium
703 2467 837 2517 rogat
866 2462 969 2506 Be‘n
1006 2463 1020 2518 Η
1056 2461 1261 2518 profanis
1291 2477 1318 2518 ς
1433 2462 1523 2506 414
1550 2462 1744 2518 phlegiis
1774 2463 1794 2505 l
1823 2477 1863 2518 ς,
1909 2461 2119 2521 phlegyis
2159 2464 2253 2520 VA,

166 2555 262 2588 τοις
284 2543 498 2603 chyam
516 2546 654 2599 Plan,
685 2535 896 2603 ph²1egiis
915 2548 995 2603 M,
1027 2547 1199 2602 Plegiis
1220 2547 1277 2602 R,
1299 2547 1378 2600 fue
1398 2547 1418 2590 ι·
1435 2561 1461 2590 r
1481 2561 1527 2590 m
1546 2546 1682 2602 agiis
1702 2547 1768 2600 N,
1799 2546 1968 2604 flegyis
1988 2549 2046 2601 F,
2076 2547 2254 2606 phegiis

164 2617 204 2660 h
237 2628 287 2671 a,
316 2615 520 2674 phlegris
548 2633 589 2672 μ
639 2619 653 2674 ΙΙ
704 2617 935 2663 faciebant
962 2618 1106 2663 ceBas
1136 2622 1181 2663 et
1210 2618 1322 2664 Voss
1352 2618 1427 2662 Hs
1459 2617 1593 2674 vulyo
1623 2618 1732 2662 olim
1861 2618 1950 2662 415
1978 2625 2148 2664 certum
2178 2619 2256 2664 Ms

162 2686 281 2731 Diez
308 2687 477 2733 Bsant
503 2688 611 2733 1482
771 2690 860 2734 416
891 2690 1080 2735 alconoe
1109 2691 1141 2743 l,
1187 2689 1362 2734 alcione
1408 2690 1476 2732 M
1503 2703 1542 2744 ς,
1582 2688 1806 2743 halcyone
1846 2703 1874 2744 ς
2035 2690 2121 2735 417
2154 2694 2255 2741 lora

163 2757 210 2810 (h
229 2763 344 2813 eras)
372 2759 447 2804 M
553 2760 641 2805 418
670 2760 768 2805 abit
796 2761 867 2804 vel
894 2760 991 2805 adit
1019 2761 1088 2805 vel
1117 2760 1256 2805 habet
1283 2775 1311 2816 ς
1424 2760 1513 2804 419
1542 2759 1706 2816 ligavit
1728 2761 1854 2816 apud
1874 2760 2097 2805 Bothium
2109 2776 2148 2818 p
2173 2762 2256 2806 174

163 2829 367 2876 JHVoss
480 2830 568 2875 420
595 2831 874 2887 interrupere
895 2842 940 2886 p
983 2833 996 2887 ΙΙ
1039 2833 1245 2888 querelas
1267 2832 1346 2884 (sic
1358 2831 1644 2886 plerumque)
1667 2830 1724 2873 F
1747 2833 1786 2875 h
1816 2832 1836 2874 l
1952 2832 2035 2876 421
2052 2846 2100 2888 sq
2130 2838 2254 2876 tuam

163 2902 302 2944 uertit
330 2901 404 2945 M
447 2902 462 2957 ΙΙ
512 2900 752 2947 karissime
780 2903 853 2947 M
877 2903 933 2946 F
953 2915 982 2946 e
1031 2904 1045 2958 ΙΙ
1095 2908 1220 2947 tuam
1260 2904 1411 2954 uertit,
1442 2915 1492 2954 c.‚
1535 2901 1763 2946 mentem?
1794 2901 1865 2946 eia
1895 2902 1973 2947 ubi
2004 2903 2107 2957 iam,
2139 2916 2257 2960 quae

164 2984 271 3016 cura
299 2972 387 3016 mei
417 2973 543 3029 prius
573 2973 647 3017 Hs
788 2972 875 3017 422
902 2973 987 3017 Est
1030 2973 1110 3018 ubi
1153 2986 1352 3029 namque
1395 2986 1501 3017 cura
1538 2973 1626 3017 mei
1670 2973 1743 3016 M
1775 2974 1788 3029 ΙΙ
1826 2973 1975 3018 Uertit
2005 2973 2084 3019 ubi
2115 2980 2184 3019 est
2213 2978 2258 3020 et

165 3041 343 3087 solebat
371 3043 390 3087 i
417 3057 444 3086 r
471 3056 513 3087 n
555 3046 570 3098 u
610 3050 680 3088 est
709 3058 782 3088 om
814 3057 842 3089 e
892 3045 906 3100 ΙΙ
956 3045 1081 3101 prius
1112 3045 1131 3088 l
1161 3059 1188 3100 ς
1217 3044 1291 3088 Hs
1321 3044 1451 3101 vulyo
1481 3044 1591 3107 olim
1705 3044 1792 3089 423
1821 3058 1893 3088 om
1922 3044 1982 3099 N,
2014 3044 2032 3089 i
2062 3059 2138 3102 my
2167 3057 2209 3089 n
2236 3046 2251 3101 ΙΙ

164 3111 342 3158 alcione
371 3114 451 3168 (sic
480 3116 631 3171 saepe)
660 3116 733 3159 M
757 3117 813 3159 F
844 3117 858 3171 ΙΙ
899 3115 1024 3160 abire
1052 3131 1094 3171 μ
1122 3115 1332 3159 ccBersm
1364 3118 1409 3159 et
1428 3108 1588 3169 Patav,
1620 3114 1780 3160 adesse
1810 3127 1839 3159 e
1952 3115 2038 3160 424
2067 3116 2257 3161 abscens

164 3184 186 3227 l
227 3184 242 3239 ΙΙ
281 3187 452 3240 puncto
473 3188 585 3240 post
614 3185 779 3230 absens
811 3186 1071 3231 incidebant
1099 3189 1208 3231 ante
1236 3186 1465 3231 Jahnium
1579 3184 1667 3230 426
1693 3186 1768 3229 del
1801 3185 2058 3231 Gronovius
2098 3187 2112 3242 ΙΙ
2154 3187 2258 3230 Non

164 3253 418 3326 etiamque²
437 3262 562 3300 metu
606 3257 687 3309 M,
732 3263 1021 3313 metuamque
1064 3258 1187 3314 imy
1231 3269 1292 3300 m
1341 3257 1355 3311 ΙΙ
1406 3262 1601 3300 tremore
1644 3255 1792 3301 Bothe
1852 3258 1866 3312 ΙΙ
1917 3257 2171 3302 carebunt?
2215 3260 2258 3299 A

164 3324 248 3370 427
278 3330 450 3370 terrent
479 3339 532 3371 ac
561 3325 709 3372 Bothe
758 3328 771 3383 ΙΙ
823 3328 979 3384 pontis
1010 3329 1031 3371 l
1172 3327 1258 3372 428
1288 3327 1358 3370 En
1397 3327 1478 3371 lac.
1524 3339 1566 3380 e,
1610 3326 1820 3372 Elaceras
1865 3329 1898 3381 l,
1944 3327 2058 3371 Nam
2090 3329 2258 3372 laceras

164 3397 333 3441 cSenat
473 3397 559 3443 429
587 3397 732 3442 titulis
761 3401 795 3450 (l
823 3398 1008 3442 tumulis
1036 3412 1131 3443 sscr
1160 3399 1195 3450 l)
1226 3400 1272 3442 F
1303 3400 1337 3453 l,
1367 3397 1416 3441 in
1447 3397 1631 3441 tumulis
1661 3399 1681 3442 i
1708 3412 1785 3455 ‘my
1816 3399 1882 3443 h²
1995 3398 2077 3443 431
2114 3397 2256 3455 hypo-

166 3468 283 3511 tates
311 3468 370 3523 F,
402 3466 658 3525 hypotades
689 3470 720 3524 l,
751 3469 961 3525 ipodates
991 3471 1028 3514 h
1059 3471 1072 3525 ΙΙ
1104 3482 1284 3514 earcere
1303 3483 1360 3513 ex
1379 3482 1482 3512 corr
1502 3472 1709 3524 (corpore
1724 3469 1834 3525 fuit)
1864 3470 1920 3513 F
1950 3470 1964 3524 ΙΙ
2006 3482 2118 3513 carc.
2149 3482 2256 3513 uen-

165 3541 239 3582 tos
269 3538 290 3581 l
316 3554 358 3594 μ
499 3538 584 3584 432
614 3539 756 3584 fortes
786 3545 831 3583 et
876 3541 895 3583 l
923 3555 965 3595 μ
987 3541 1000 3596 ΙΙ
1023 3540 1172 3596 placat
1217 3540 1298 3593 M,
1339 3539 1505 3583 mulcet
1542 3537 1754 3583 eG-ronov
1904 3538 1991 3584 433
2018 3544 2260 3583 tenuerunt

166 3608 343 3653 caerula
372 3609 454 3663 (vel
483 3614 603 3661 aera)
644 3609 807 3655 fratres
838 3611 913 3654 Hs
1057 3611 1143 3656 434
1174 3616 1243 3655 est
1272 3623 1345 3654 om
1377 3611 1413 3653 h
1557 3610 1642 3655 435
1672 3615 1741 3654 est
1770 3623 1843 3654 om
1874 3611 1894 3654 l
1923 3624 1950 3666 ς
1980 3609 2040 3665 R,
2084 3609 2158 3653 del
2186 3609 2259 3654 Hs

168 3679 301 3735 vulyo
337 3680 352 3735 ΙΙ
392 3686 578 3724 uerrunt
607 3679 728 3725 cBas
748 3681 893 3725 Bothe
