2554 4094
277 2256 313 2287 α

341 234 378 272 X

344 376 495 425 libris
545 375 720 423 varias
759 373 1020 435 quasdam
1071 372 1340 429 lectiones,
1391 383 1530 431 quae
1575 371 1630 418 in
1668 372 1885 419 nostros
1933 372 2244 422 transierint
2279 374 2427 424 velut

342 462 376 510 I
409 461 476 510 70
500 462 554 509 et
596 473 775 507 massa
813 458 1017 506 latuere
1062 456 1162 505 sub
1200 455 1290 502 illa
1327 456 1381 502 et
1415 454 1632 502 fuerant
1669 454 1898 518 caligine
1937 469 2097 505 caeca
2138 457 2222 507 vel
2253 457 2420 509 V541

343 548 397 595 et
420 545 568 594 silvis
593 543 868 607 peperisse
895 542 994 591 sub
1022 541 1148 588 atris
1173 541 1226 588 et
1250 538 1419 586 furvis
1444 553 1496 601 p.
1524 538 1625 587 sub
1651 540 1819 589 antris
1845 540 1929 589 vel
1951 540 2138 590 XIV8
2161 544 2216 591 et
2236 545 2426 594 vectus

342 633 396 680 et
429 630 614 692 lapsus
653 629 735 677 vel
770 627 875 676 XV
907 627 977 675 92
1013 627 1065 674 et
1115 626 1252 672 terra
1304 622 1443 685 parit
1479 625 1533 671 et
1566 625 1706 673 terra
1743 626 1888 674 creat
1923 625 2045 675 alia.
2108 627 2227 677 eius
2275 628 2430 678 modi

345 717 475 765 locis
514 714 648 775 quid
682 714 795 775 ipse
826 713 986 774 poeta
1036 708 1323 770 scripserit,
1370 722 1488 767 nos,
1540 710 1601 757 ut
1633 723 1829 758 sumus
1863 710 2126 760 subsidiis
2171 714 2226 762 et
2259 714 2424 764 ratio-

343 802 506 850 nibus
541 800 673 847 artis
710 798 921 846 criticae
964 794 1135 843 multo
1161 792 1355 841 melius
1393 793 1644 842 instructi
1667 808 1831 856 quam
1871 796 1964 856 illi,
2004 797 2102 858 qui
2125 797 2254 846 olim
2291 799 2427 849 satis

344 883 622 933 habebant
650 883 858 946 fabulis
896 878 1240 942 lepidissimis
1278 877 1519 939 legendis
1553 880 1768 929 animos
1805 880 2085 943 oblectare,
2129 896 2292 946 saepe
2321 898 2426 947 pro

343 971 485 1018 certo
524 970 757 1017 statuere
789 977 1099 1028 possumus,
1160 963 1337 1012 rarius
1382 977 1494 1011 non
1529 977 1854 1027 possumus;
1904 968 2138 1016 ceterum
2187 967 2250 1031 cf
2286 981 2428 1031 quae

346 1054 460 1102 dixi
482 1067 645 1116 supra
666 1068 706 1114 p
732 1051 819 1099 III
827 1064 907 1111 sq.
982 1061 1159 1109 neque
1198 1047 1349 1108 quod
1383 1049 1542 1097 certis
1580 1050 1907 1111 quibusdam
1947 1051 2162 1102 indiciis
2195 1053 2272 1103 ad
2305 1067 2424 1104 eam

341 1140 660 1187 sententiam
716 1137 978 1194 ducimur,
1033 1135 1094 1182 ut
1144 1134 1403 1195 putemus
1457 1133 1681 1184 lacunas
1731 1136 2060 1198 aliquotiens
2109 1139 2166 1187 in
2204 1136 2251 1187 A
2291 1153 2424 1200 esse,

345 1223 468 1271 inde
506 1221 866 1283 colligendum
906 1221 1000 1278 est,
1043 1218 1163 1266 illas
1188 1219 1412 1267 cunctas
1447 1220 1502 1268 et
1526 1220 1738 1269 iunctas
1773 1221 1847 1270 ad
1883 1236 2052 1271 unum
2078 1223 2426 1287 archetypum

345 1307 650 1370 referendas
686 1318 816 1353 esse.
890 1305 941 1352 si
977 1302 1113 1364 quid
1144 1300 1403 1365 (exempli
1433 1305 1609 1366 qratia
1646 1304 1753 1354 Izoc
1790 1305 1934 1367 dico)
1970 1308 2024 1356 et
2052 1309 2185 1369 post
2217 1308 2303 1357 IX
2322 1308 2424 1358 651

345 1395 398 1441 et
426 1394 555 1454 post
589 1391 673 1439 IX
710 1392 810 1439 777
849 1389 1196 1448 desideratur,
1239 1389 1363 1449 quis
1400 1390 1547 1452 coyit
1580 1403 1684 1439 nos
1715 1392 1911 1452 putare
1947 1391 2007 1440 id
2042 1394 2274 1455 utroque
2310 1393 2429 1444 loeo

343 1479 499 1526 antea
557 1477 816 1525 omissum
866 1489 982 1523 esse
1030 1476 1085 1522 in
1144 1487 1254 1523 uno
1305 1474 1603 1536 eodemque
1658 1476 1990 1538 exemplari?
2063 1477 2239 1539 quid?
2306 1479 2433 1544 fieri

342 1575 523 1610 nonne
563 1562 760 1623 potuit,
812 1562 871 1608 ut
906 1561 1015 1609 duo
1066 1561 1146 1609 illi
1191 1573 1397 1610 errores
1431 1573 1499 1608 ex
1534 1559 1751 1610 duobus
1799 1562 2059 1624 exemplis
2100 1562 2431 1614 distantibus

346 1648 486 1695 inter
518 1660 577 1694 se
617 1646 831 1694 duobus
858 1645 942 1694 vel
959 1646 1213 1708 pluribus
1250 1635 1482 1693 saeculis
1520 1645 1575 1693 in
1602 1646 1772 1695 multa
1809 1647 2127 1710 apoqrapha
2153 1662 2225 1698 ex*
2255 1649 2432 1712 iisque

345 1734 399 1780 in
435 1732 600 1781 altera
655 1732 824 1780 multa
858 1730 1327 1794 propagarentur?
1400 1730 1586 1779 eadem
1625 1732 1835 1781 ratione
1880 1733 2086 1782 similes
2136 1734 2244 1784 loci
2289 1734 2430 1784 iudi-

344 1817 505 1866 candi
552 1817 803 1865 videntur
837 1817 982 1865 uelut
1015 1817 1103 1865 III
1135 1816 1236 1865 641
1282 1816 1331 1864 V
1356 1815 1463 1864 370
1505 1815 1607 1865 VII
1634 1817 1741 1866 186
1783 1817 1886 1866 VII
1912 1817 2034 1866 509.
2116 1818 2256 1868 idem
2293 1819 2434 1869 valet

342 1903 408 1951 de
446 1903 688 1951 versibus
725 1902 1142 1964 transponendis
1181 1903 1241 1950 ut
1281 1900 1355 1950 VI
1385 1901 1492 1949 203
1528 1902 1582 1950 et
1621 1901 1696 1950 VI
1725 1902 1833 1950 495
1855 1916 1938 1964 sq.

481 1988 596 2036 Iam
635 1988 931 2036 describam
964 1988 1173 2036 codices
1209 2001 1241 2036 a
1278 2001 1366 2036 me
1400 1986 1693 2036 adhibitos
1769 1988 1982 2036 initium
2011 1989 2191 2037 autem
2223 1988 2426 2052 faciam

342 2088 374 2121 a
406 2073 715 2136 fragmento
741 2073 904 2134 plane
933 2074 1166 2135 eyreyio,
1206 2072 1358 2134 quod
1383 2087 1415 2121 a
1447 2073 1634 2121 ceteris
1671 2072 1822 2121 libris
1857 2073 2162 2122 seiunctum
2199 2087 2300 2123 sua
2341 2074 2426 2123 via

344 2157 497 2206 haud
529 2159 641 2206 scio
678 2172 748 2206 an
781 2172 956 2220 paene
991 2158 1066 2206 ad
1098 2159 1326 2207 aetatem
1368 2157 1686 2207 Ovidianam
1723 2158 1928 2207 redeat.'

480 2242 1045 2304 Antiquissimum
1078 2244 1526 2306 fraymentum
1554 2243 1904 2295 Bernense.
1979 2244 2155 2292 exstat
2186 2243 2243 2292 in
2273 2243 2428 2307 foliis

341 2325 621 2377 187Γ1188υ
681 2328 881 2377 codicis
924 2329 1215 2378 Bernensis
1269 2328 1390 2377 363.
1474 2329 1715 2377 continet
1767 2328 1873 2377 hos
1925 2342 2139 2378 versus:
2194 2328 2230 2378 Ῑ
2258 2323 2426 2379 11199

341 2408 576 2462 3041309
616 2409 847 2463 7731779
894 2410 1104 2463 II1s22
1145 2414 1234 2462 III
1263 2409 1408 2462 1l56.
1474 2415 1751 2463 exaratum
1777 2415 1862 2462 est
1894 2414 2162 2476 scriptura
2200 2413 2431 2464 insulari

342 2499 475 2546 satis
529 2499 839 2562 neyleyenti
897 2501 1026 2561 post
1080 2499 1318 2548 medium
1358 2500 1475 2563 fere
1524 2499 1801 2548 saeculum
1853 2513 2061 2548 nonum
2075 2494 2135 2561 1).
2207 2501 2427 2562 praesto

348 2583 487 2631 mihi
515 2585 742 2647 fuerunt
771 2587 987 2647 praeter
1021 2586 1311 2648 imayinem
1342 2579 1883 2648 photographicam2)
1921 2584 2250 2646 collationes,
2289 2597 2428 2647 quas

340 2668 588 2731 fecerunt
639 2668 884 2730 HHaqen
933 2666 1017 2731 (cf
1046 2663 1241 2717 Riese2
1280 2684 1320 2731 p
1380 2666 1543 2731 VIII),
1602 2682 1766 2730 quam
1816 2670 2007 2730 postea
2061 2668 2334 2732 supplevit
2369 2669 2427 2717 in

348 2754 536 2802 litteris
572 2754 645 2802 ad
688 2767 775 2802 me
810 2753 951 2802 datis
1001 2752 1085 2816 (cf
1114 2767 1254 2815 quae
1290 2755 1405 2803 dixi
1437 2754 1641 2803 NJhbb
1679 2755 1838 2814 1891,
1876 2754 1982 2803 690
2000 2751 2105 2816 sq),
2151 2755 2206 2803 et
2239 2753 2428 2803 REllis

344 2836 645 2899 (Anecdota
705 2838 1027 2888 Oxoniensia
1078 2839 1112 2887 I
1142 2839 1179 2887 5
1212 2838 1391 2902 1885).
1465 2839 1574 2889 hoc
1604 2840 1993 2903 fraymentum,
2052 2841 2114 2888 ut
2147 2840 2231 2889 est
2265 2838 2428 2902 lonae

347 2924 803 2984 antiquissimum,
853 2925 924 2972 ita
961 2924 1138 2973 solum
1175 2926 1431 2987 praebere
1476 2926 1805 2986 aliquotiens
1853 2925 2107 2974 lectiones
2152 2938 2304 2974 veras
2341 2924 2363 2974 l
2395 2937 2426 2973 c

490 3073 531 3130 1)
563 3077 598 3114 Il
627 3077 763 3116 codex
791 3077 1020 3115 Bernensis
1052 3078 1133 3117 363
1163 3078 1211 3116 fu
1241 3080 1502 3117 eertamente
1546 3078 1759 3117 trascritto
1795 3080 1862 3116 tra
1891 3078 1919 3116 l’
1951 3077 2034 3116 856
2065 3088 2090 3116 e
2119 3077 2148 3116 l'
2179 3075 2285 3116 868:
2329 3088 2427 3126 pro-

345 3148 606 3187 babilmente
636 3147 748 3196 dopo
777 3148 805 3185 l‘
838 3147 920 3185 860
964 3147 1264 3187 ABernardini
1307 3148 1509 3199 Appunti
1550 3148 1815 3198 cronologici
1856 3149 2030 3187 intorno
2072 3147 2118 3186 al
2158 3148 2293 3187 codex
2319 3147 2426 3186 Ber-

347 3220 495 3257 nensis
523 3220 607 3257 363
639 3217 892 3267 (Siniyaylia
923 3218 1051 3268 1911)
1094 3231 1126 3268 p
1156 3220 1222 3258 18.
1283 3221 1331 3270 cf
1349 3222 1572 3270 praeterea
1615 3220 1669 3258 de
1707 3221 1797 3258 toto
1833 3219 1916 3258 hoc
1945 3218 2090 3258 codice
2117 3219 2307 3258 maxime
2334 3229 2425 3257 me-

348 3289 567 3328 morabili:
614 3288 806 3337 HHayen
856 3288 979 3327 Catal
1025 3290 1107 3328 cod
1154 3291 1270 3329 Bern
1319 3291 1432 3330 1875
1471 3302 1505 3341 p
1533 3291 1619 3330 346
1632 3301 1695 3343 sq,
1740 3290 1866 3329 Riese
1914 3286 1996 3328 6ἀῖ
2038 3288 2203 3328 Metam
2242 3299 2276 3338 p
2312 3288 2424 3334 VIII,

349 3359 549 3398 AReuter
574 3360 755 3398 Hermes
787 3358 928 3397 XXIV
956 3359 1076 3405 1889,
1115 3360 1191 3398 161
1208 3372 1272 3410 sq,
1303 3373 1413 3410 quae
1442 3362 1534 3401 dixi
1576 3362 1668 3411 ipse
1694 3361 1856 3400 NJIzbb
1871 3360 1997 3406 1891,
2029 3360 2112 3399 689
2126 3370 2190 3409 sq,
2219 3358 2426 3398 LTmube

352 3430 388 3469 Ο
429 3430 564 3468 Roma
608 3429 766 3469 nobilis
810 3427 1044 3476 (Miinchen
1089 3429 1222 3482 1891)
1264 3443 1295 3480 p
1325 3433 1383 3470 56
1411 3434 1457 3471 61
1480 3433 1661 3482 passim,
1705 3427 2006 3470 ABernardini
2046 3429 2086 3468 Il
2111 3429 2424 3479 Fraqmentum

349 3501 578 3539 Bernense.
637 3500 768 3539 Studi
795 3499 962 3538 italiani
988 3500 1035 3538 di
1060 3500 1175 3539 Filol
1201 3502 1313 3540 class
1342 3501 1540 3550 (Firenze
1570 3502 1699 3553 1909)
1730 3501 1850 3541 AVII
1873 3501 1958 3540 203
1973 3512 2038 3550 sq.

490 3570 531 3615 2)
564 3571 622 3619 Cf
646 3571 823 3609 Codices
870 3569 1022 3609 Graeci
1069 3573 1113 3609 et
1159 3572 1305 3611 Latini
1346 3573 1690 3623 photoyraphice
1738 3572 1900 3622 depicti
1945 3571 2054 3610 duce
2095 3569 2169 3610 SG
2203 3571 2258 3610 de
2292 3571 2422 3610 Vries.

354 3641 513 3679 Tomus
570 3641 622 3679 II.
686 3642 830 3680 Codex
876 3642 1109 3680 Bernensis
1156 3644 1254 3682 363.
1314 3655 1515 3693 expressa
1562 3645 1670 3683 sunt
1722 3644 1966 3693 fraymenta
2014 3640 2424 3691 Metamorphoseon

349 3722 381 3760 p
409 3707 606 3761 373s376.
