2580 4088
0 0 53 316 1
733 234 820 280 Ov.
849 234 1029 279 Metam.
1059 233 1161 279 Lib.
1191 232 1274 287 111,
1304 247 1350 277 v.
1381 236 1619 278 231—270.
2120 240 2219 287 103

0 322 10 352 r·

132 389 236 428 non
273 373 432 427 etiam
469 374 658 428 sentire
696 389 886 430 canum
922 376 1033 430 fera
1067 376 1208 430 facta
1245 391 1470 429 suorum.

133 458 361 525 undique
398 457 738 512 circumstant
773 462 1059 528 mersisque
1094 461 1151 514 in
1187 475 1394 529 corpore
1430 459 1608 513 rostris

135 542 415 595 dilacerant
449 540 571 594 falsi
607 542 875 597 dominum
913 547 1009 599 sub
1052 545 1279 614 imagine
1318 545 1468 610 cervi,
2154 558 2223 598 250

133 641 231 680 nec
266 626 368 679 nisi
405 625 554 678 finita
588 642 679 695 per
714 629 939 697 plurima
974 630 1188 684 vulnera
1222 630 1330 684 vita

131 710 210 764 ira
243 710 570 778 pharetratae
607 710 771 765 fertur
806 714 995 767 satiata
1034 715 1247 768 Dianae.

274 795 474 848 Rumor
510 796 568 848 in
605 797 851 864 ambiguo
888 799 990 851 est:
1030 799 1145 852 aliis
1181 798 1449 852 violentior
1486 813 1650 866 aequo

133 878 245 933 visa
283 879 379 932 dea
415 881 511 948 est,
551 880 639 933 alii
675 881 892 935 laudant
929 883 1243 951 dignamque
1281 897 1459 936 severa

136 963 432 1031 virginitate
469 966 677 1018 vocant:
714 981 833 1034 pars
868 966 1067 1020 invenit
1102 971 1321 1035 utraque
1360 982 1558 1021 causas
2152 974 2224 1015 255

135 1048 247 1101 sola
281 1048 418 1102 Iovis
457 1049 678 1102 coniunx
713 1065 817 1103 non
853 1053 978 1116 tam,
1004 1053 1243 1121 culpetne
1281 1052 1543 1120 probetne,

134 1132 405 1201 eloquitur,
444 1147 605 1200 quam
642 1132 788 1188 clade
826 1136 1009 1189 domus
1048 1137 1113 1190 ab
1151 1136 1390 1204 Agenore
1427 1136 1612 1190 ductae

135 1217 329 1285 gaudet
365 1219 418 1271 et
454 1233 485 1271 a
519 1218 677 1285 Tyria
713 1220 1005 1273 conlectum
1040 1221 1237 1289 paelice
1277 1220 1524 1274 transfert

133 1300 190 1353 in
225 1302 429 1368 generis
467 1302 631 1355 socios
669 1303 859 1358 odium.
932 1306 1074 1358 subit
1110 1321 1228 1359 ecce
1266 1306 1422 1374 priori

136 1400 295 1439 causa
328 1402 524 1451 recenS,
563 1388 931 1456 gravidamque
969 1390 1108 1443 dolet
1145 1390 1207 1443 de
1246 1391 1443 1443 semine
1480 1389 1659 1456 magni
2152 1396 2224 1437 260

136 1484 249 1523 esse
284 1469 423 1524 Iovis
466 1470 720 1525 Semelen.
794 1473 919 1526 dum
955 1474 1189 1542 linguam
1227 1475 1293 1527 ad
1328 1475 1496 1542 iurgia
1532 1474 1697 1538 solvit,

133 1549 350 1623 ‘profeci
388 1556 514 1623 quid
550 1557 690 1610 enim
725 1558 915 1612 totiens
951 1574 1043 1627 per
1077 1553 1297 1626 iurgia?
1339 1558 1488 1622 dixit,

130 1634 267 1708 ‘ipsa
303 1640 529 1708 petenda
564 1642 695 1694 mihi
731 1643 838 1704 est3
874 1643 1059 1710 ipsam,
1100 1641 1144 1695 si
1179 1643 1406 1695 maxima
1440 1642 1572 1695 Iuno

133 1725 231 1778 rite
269 1740 435 1790 vocor,
471 1725 701 1793 perdam,
740 1726 786 1779 si
821 1742 906 1779 me
944 1726 1263 1793 gemmantia
1300 1726 1478 1779 dextra

137 1810 344 1877 sceptra
379 1811 554 1862 tenere
592 1809 751 1874 decet,
788 1810 833 1862 si
870 1824 988 1863 sum
1023 1810 1202 1878 regina
1237 1810 1476 1878 Iovisque
2154 1817 2226 1857 265

140 1894 194 1946 et
229 1909 370 1946 soror
405 1895 458 1946 et
494 1894 729 1959 coniunx,
765 1896 903 1948 certe
940 1910 1093 1949 soror.
1169 1896 1238 1964 at,
1273 1897 1415 1963 puto,
1452 1894 1590 1947 furto
1627 1895 1708 1947 est

137 1978 396 2042 contenta,
432 1979 485 2031 et
520 1978 740 2031 thalami
776 1979 946 2033 brevis
983 1981 1064 2033 est
1098 1979 1287 2032 iniuria
1322 1979 1510 2033 nostri:

137 2062 385 2130 concipit!
421 2062 476 2115 id
513 2062 711 2116 deerat!
746 2063 1127 2132 manifestaque
1163 2064 1382 2117 crimina
1418 2064 1571 2133 pleno

136 2145 239 2199 fert
273 2148 420 2200 utero
457 2148 511 2200 et
544 2149 726 2214 mater,
764 2149 900 2216 quod
937 2149 1021 2203 vix
1055 2149 1186 2202 mihi
1222 2149 1454 2216 contigit,
1489 2164 1594 2202 uno

139 2231 202 2285 de
241 2230 362 2285 Iove
398 2232 511 2285 vult
547 2233 683 2296 fieri;
721 2235 871 2287 tanta
907 2236 990 2288 est
1029 2233 1220 2287 fiducia
1254 2234 1466 2287 formae.
2155 2240 2226 2280 270

279 2455 365 2500 248
393 2456 489 2501 fata
517 2469 546 2500 e
660 2457 747 2502 249
775 2457 908 2502 Unde
938 2470 1026 2513 que
1047 2471 1073 2501 ε
1123 2459 1137 2513 ΙΙ
1188 2457 1466 2502 circumdant
1490 2458 1526 2510 f
1567 2458 1580 2513 ΙΙ
1631 2458 1883 2513 mersisque
1911 2456 1959 2499 in
1988 2457 2162 2499 uiscera
2190 2455 2227 2497 λ

137 2525 226 2571 250
238 2525 355 2571 falsa
370 2526 607 2571 dominum
624 2528 659 2570 λ
675 2542 715 2582 ς,
736 2530 828 2569 ὑπὸ
845 2525 1009 2583 ψευδεῖ
1027 2532 1157 2580 τύπῳ
1180 2526 1347 2585 ἐλάφου
1361 2527 1499 2582 Plan,
1521 2528 1755 2573 dominum
1770 2526 1874 2571 falsi
1892 2527 1912 2569 l
1967 2524 2135 2579 251152
2153 2524 2228 2569 del

129 2599 242 2654 post
268 2597 520 2641 Heinsium
550 2596 732 2653 Haupt,
761 2599 839 2642 sed
867 2599 921 2655 ef
942 2599 1066 2645 Vind
1105 2598 1168 2643 Ov
1187 2612 1226 2654 p
1250 2598 1309 2642 24
1336 2597 1485 2643 Bothe
1522 2602 1568 2643 et
1602 2597 1790 2643 RhMus
1827 2596 1948 2644 LVI
1970 2597 2060 2642 352
2084 2595 2225 2640 Helm

136 2709 224 2754 252
250 2666 348 2755 gre
374 2711 392 2766 l
415 2666 535 2755 ἓξὲξ
560 2712 608 2761 λ,
638 2710 853 2775 faretratq
883 2712 903 2755 l
953 2712 966 2767 ΙΙ
1017 2711 1088 2755 hie
1116 2712 1285 2756 desinit
1311 2713 1346 2755 λ
1515 2710 1602 2756 254
1632 2710 1913 2766 dignumque
1949 2709 2134 2763 (factum
2163 2711 2223 2762 se)

143 2821 283 2868 Gonst
325 2822 555 2868 Fanensis
725 2824 812 2869 255
842 2781 1067 2881 Uirgiffite
1094 2825 1167 2868 M
1211 2825 1226 2880 ΙΙ
1280 2826 1496 2880 “utraque
1544 2824 1743 2868 “inuenit
1770 2826 1809 2867 h
1849 2824 1863 2879 Η
1898 2827 2091 2878 utraque
2119 2834 2225 2877 pars

139 2892 294 2938 inuen’
323 2894 414 2939 ca's
437 2895 474 2946 1·
608 2894 695 2940 256
727 2895 936 2952 culpetne
965 2896 1187 2951 probetne
1216 2897 1255 2939 h
1284 2910 1324 2951 ς,
1354 2894 1506 2950 culpet
1532 2908 1590 2939 ne
1618 2894 1785 2950 probet
1810 2906 1870 2938 ne
1899 2895 1920 2936 l
2050 2892 2134 2936 257
2164 2891 2222 2936 ab

135 3020 363 3064 aagenore
391 3009 453 3052 N
599 3007 687 3053 259
714 3008 900 3064 genoris
928 3022 962 3052 s.
995 3021 1036 3051 o.
1068 3007 1212 3052 subiit
1242 3009 1280 3051 h
1317 3007 1330 3062 ΙΙ
1367 3006 1486 3051 &cce
1514 3008 1653 3063 priori
1684 3008 1717 3064 β
1847 3006 1928 3052 261
1964 3005 2152 3051 semeles
2182 3019 2223 3058 ε,

135 3078 334 3123 semelen
348 3078 386 3135 ll
417 3080 489 3132 (en
520 3081 636 3132 eras)
668 3080 715 3135 β,
746 3078 912 3123 semele
949 3080 987 3122 h
1036 3079 1050 3134 [Ι
1101 3078 1209 3122 dum
1247 3077 1368 3123 Vind
1399 3077 1462 3122 Ov
1481 3092 1520 3134 p
1550 3078 1608 3122 24
1626 3078 1788 3132 Bothe,
1816 3083 1913 3122 tum
1943 3077 1994 3120 Α
2026 3095 2062 3118 ω
2092 3075 2223 3132 vulgo

136 3147 246 3193 olim
275 3149 289 3204 ΙΙ
323 3149 663 3194 tum—soluens
691 3149 997 3193 eBersmanni
1031 3150 1045 3204 ΙΙ
1079 3148 1190 3205 quid
1217 3149 1357 3204 lingu.
1367 3173 1423 3179 —
1440 3149 1557 3193 solui
1586 3149 1653 3193 vel
1682 3148 1811 3193 solvo
1842 3148 2065 3204 (sequenti
2092 3161 2223 3191 versu

135 3219 292 3274 deleto,
319 3233 463 3276 quem,
494 3220 589 3264 nisi
609 3220 832 3277 leyeretur
850 3225 923 3265 tot
940 3220 983 3264 io
1005 3233 1086 3275 per
1113 3220 1275 3276 iurgia,
1308 3219 1506 3263 latinum
1535 3232 1627 3263 esse
1654 3219 1855 3277 neyavit)
1875 3220 1951 3264 Hs
1986 3221 2000 3275 ΙΙ
2050 3218 2167 3263 iuria
2196 3232 2223 3262 ε

133 3288 220 3334 262
247 3288 396 3335 Effeci
425 3304 448 3334 e
476 3289 714 3346 cFraneof
735 3291 887 3335 Burm
1002 3290 1144 3346 2663q
1173 3290 1296 3334 furto
1326 3292 1413 3343 (est
1440 3289 1534 3334 add
1553 3304 1600 3334 Μ
1619 3290 1664 3343 2)
1695 3291 1742 3347 β,
1772 3290 1918 3348 furt(o
1938 3292 1958 3335 i
1976 3305 2002 3334 r
2020 3305 2068 3334 Μ
2087 3290 2133 3344 2)
2153 3294 2223 3334 est

135 3403 197 3446 N
239 3403 253 3457 ΙΙ
304 3405 375 3447 est
403 3416 476 3447 οΜ
505 3418 545 3459 ς,
589 3403 664 3447 del
691 3402 839 3448 Bothe
889 3404 902 3459 ΙΙ
952 3408 1065 3459 puto
1102 3402 1226 3447 furto
1266 3407 1524 3447 contentam
1554 3403 1630 3447 Hs
1772 3401 1857 3447 267
1886 3401 2112 3458 Contepta
2140 3402 2221 3456 M,

135 3471 422 3530 Contempta
432 3474 469 3525 f
508 3474 522 3528 ΙΙ
583 3473 737 3518 brebis
767 3479 885 3528 (corr
913 3488 960 3517 m
988 3474 1032 3525 2)
1064 3474 1130 3530 N,
1168 3473 1320 3518 breuis
1365 3478 1435 3518 est
1462 3472 1650 3518 thalami
1680 3485 1709 3516 e
1758 3473 1772 3527 ΙΙ
1825 3477 1894 3517 est
1923 3477 1970 3516 et
1997 3472 2113 3516 iuria
2140 3486 2168 3516 ε
2205 3473 2221 3528 11

132 3541 319 3599 signum
347 3543 548 3600 interrog]
569 3557 658 3599 poe
677 3543 812 3588 Riese
926 3544 1013 3589 268
1042 3543 1152 3587 idde
1181 3548 1278 3588 erat
1305 3544 1370 3587 M
1501 3544 1588 3589 269
1616 3556 1708 3588 uno
1738 3544 1758 3587 i
1785 3557 1863 3599 my
1891 3557 1921 3586 a
1949 3556 1996 3587 m
2026 3543 2051 3587 I
2081 3544 2154 3587 M
2176 3546 2223 3588 et

132 3626 156 3656 e
183 3614 286 3657 coni
308 3616 416 3668 post
443 3613 684 3670 Micyllum
713 3613 924 3671 Bentley,
968 3614 1064 3668 un(i
1097 3615 1117 3658 i
1143 3628 1181 3669 r,
1211 3628 1275 3658 an
1304 3628 1333 3657 a
1362 3628 1409 3658 Μ
1440 3614 1464 3658 Ι
1510 3613 1756 3670 incertum)
1788 3615 1836 3670 β,
1879 3615 1958 3658 uni
2003 3613 2076 3659 uel
2124 3627 2216 3659 uno

132 3681 249 3738 Ben,
278 3684 356 3727 uni
386 3684 436 3727 A
468 3702 518 3737 ω,
548 3696 689 3728 unum
717 3684 786 3728 vel
812 3684 900 3741 ipsi
933 3685 1232 3741 Gapoferreus

2282 811 2446 852 Semele.
