2580 4088
377 220 485 270 440
1068 222 1196 281 Ceyx
1225 227 1274 267 et
1303 221 1528 279 Alcyone.
1568 222 1777 268 Somnus,

381 366 691 433 pectoraque
726 366 840 434 ipsa
878 364 1014 429 ferit,
1049 381 1146 419 nec
1183 365 1351 418 crines
1389 363 1585 416 solvere
1621 365 1792 417 curat:

380 448 574 502 scindit
609 452 663 502 et
699 449 879 513 altrici,
918 465 1049 517 quae
1086 451 1259 502 luctus
1299 463 1471 511 causa,
1507 449 1712 513 roganti

377 529 546 586 ‘nulla
582 537 662 587 est
697 535 943 602 Alcyone,
979 535 1125 586 nulla
1161 531 1294 586 estl'
1333 532 1421 584 ait.
1472 528 1684 585 ‘occidit
1718 549 1825 586 una

384 635 505 672 cum
542 618 709 687 Ceyce
747 619 866 671 suo!
931 618 1152 671 solantia
1186 617 1352 670 tollite
1388 617 1574 669 verba!
2393 629 2469 672 685

382 702 665 770 naufragus
702 703 923 756 interiit!
984 703 1089 755 vidi
1126 702 1414 769 agnovique
1461 717 1752 771 manusque

384 788 447 841 ad
490 788 843 840 discedentem
880 786 1095 855 cupiens
1131 787 1354 839 retinere
1391 786 1601 839 tetendi.

384 873 570 925 umbra
606 872 718 936 fuit,
758 902 822 910 —
863 872 954 924 sed
992 874 1045 924 et
1080 871 1269 924 umbra
1304 874 1483 923 tamen
1519 871 1798 926 manifesta
1832 872 2031 940 vifique

385 973 506 1010 vera
542 958 671 1010 mei!
720 973 823 1009 non
860 956 948 1009 ille
988 956 1214 1024 quidem,
1253 956 1299 1008 si
1337 955 1557 1024 quaeriS,
1593 956 1822 1010 habebat

385 1042 627 1094 adsuetos
664 1043 838 1095 vultus
874 1057 986 1106 nec,
1024 1057 1125 1109 quo
1162 1041 1324 1109 prim,
1362 1056 1448 1094 ore
1485 1041 1716 1094 nitebat:
2397 1051 2471 1094 690

383 1128 666 1194 pallentem
702 1126 1007 1193 nudumque
1049 1128 1102 1179 et
1140 1126 1311 1178 adhuc
1347 1128 1560 1188 umente
1598 1126 1783 1193 capillo

383 1212 563 1264 infelix
599 1212 731 1264 vidi!
782 1212 929 1264 stetit
963 1211 1062 1264 hoc
1097 1210 1411 1263 miserabilis
1447 1211 1559 1279 ipse

385 1312 503 1349 ecce
542 1290 701 1349 locol'
746 1298 817 1360 (et
854 1296 1071 1363 quaerit,
1115 1295 1334 1363 vestigia
1370 1295 1521 1363 siqua
1557 1296 1834 1362 supersint)

376 1381 499 1435 ‘hoc
536 1384 661 1446 erat,
696 1382 808 1445 hoc,
846 1382 1018 1434 animo
1057 1381 1194 1448 quod
1232 1380 1495 1434 divinante
1531 1380 1799 1444 timebam,

388 1470 441 1520 et
475 1483 541 1520 ne
577 1482 662 1519 me
699 1466 922 1532 fugere8‚
957 1470 1139 1519 ventos
1176 1481 1464 1533 sequerere,
1502 1466 1766 1531 rogabam.
2398 1475 2474 1518 695

386 1554 441 1604 at
478 1554 615 1604 certe
652 1551 857 1617 vellem,
896 1551 1141 1618 quoniam
1177 1550 1438 1618 periturus
1476 1550 1672 1613 abibae,

387 1652 472 1690 me
511 1651 714 1704 quoque
753 1636 1011 1688 duxisses!
1060 1636 1288 1689 multum
1325 1635 1426 1687 fuit
1460 1635 1590 1687 utile
1627 1637 1804 1687 tecum

388 1723 462 1774 ire
500 1721 655 1773 mihi!
692 1736 861 1788 neque
899 1721 1040 1773 enim
1078 1720 1141 1773 de
1178 1720 1315 1773 vitae
1352 1722 1583 1788 tempore
1622 1720 1903 1787 quicquam

388 1822 493 1860 non
530 1806 687 1858 simul
724 1806 958 1873 egissem,
997 1821 1094 1858 nec
1130 1820 1270 1858 mors
1309 1804 1532 1857 discreta
1567 1804 1768 1857 fuisset.

390 1907 531 1943 nunc
569 1891 756 1943 absens
791 1891 933 1958 perii,
968 1890 1131 1943 iactor
1169 1904 1373 1957 quoque
1409 1889 1656 1941 fiuctibus
1693 1889 1897 1954 absens,
2404 1900 2477 1942 τοο

532 2101 618 2147 682
648 2067 784 2144 crinfs
813 2101 864 2152 h,
894 2099 1059 2143 crinem
1090 2113 1117 2155 ς
1147 2098 1222 2143 Hs
1262 2099 1277 2154 ΙΙ
1318 2103 1444 2143 curet
1463 2098 1515 2150 V,
1545 2111 1705 2142 curans
1735 2112 1762 2153 ς
1791 2098 1835 2141 A
1950 2099 2036 2145 683
2058 2099 2213 2144 Saeuit
2232 2106 2278 2144 et
2306 2114 2348 2156 ς,
2377 2113 2478 2145 cae-

392 2174 461 2217 dit
495 2179 541 2217 et
570 2172 644 2215 Hs
681 2172 695 2227 ΙΙ
734 2177 778 2219 (a
805 2185 862 2214 επ
892 2183 922 2213 ιι
952 2184 999 2213 m
1018 2169 1179 2223 altrici
1207 2170 1287 2223 M,
1318 2169 1480 2213 nutrici
1510 2183 1567 2212 ea:
1596 2168 1746 2213 ultrici
1779 2169 1938 2219 (altrici
1958 2170 1978 2213 i
1995 2173 2090 2226 my)
2109 2185 2160 2226 ,μ
2300 2170 2388 2216 684
2416 2169 2477 2214 al-

391 2244 520 2288 cione
548 2242 628 2298 M,
659 2242 835 2285 alcinoe
864 2243 902 2284 h
1015 2241 1106 2285 685
1134 2240 1355 2284 solamina
1383 2247 1414 2284 t.
1436 2246 1590 2284 vestra
1612 2238 1893 2295 Schepperus
2007 2241 2094 2285 686
2122 2254 2351 2298 manuque
2378 2256 2422 2296 μ
2451 2241 2470 2296 Ι

390 2328 493 2370 agn.
515 2314 775 2369 loquentem
805 2324 841 2366 9
983 2311 1067 2355 687
1097 2312 1162 2355 sic
1190 2314 1224 2364 (1
1253 2311 1324 2354 At
1351 2314 1371 2352 1
1397 2315 1581 2354 tenente
1609 2324 1704 2354 eser
1732 2312 1805 2364 62)
1835 2323 1864 2355 e
1893 2326 1920 2367 ς
1948 2312 2024 2356 Hs
2051 2313 2199 2369 vulyo,
2229 2314 2306 2357 Ac
2333 2312 2478 2356 disce-

391 2383 822 2429 dentem—tenenti
846 2382 891 2425 0
919 2396 951 2425 τ
983 2383 1003 2425 l
1032 2394 1068 2436 9
1097 2397 1125 2438 ς
1144 2382 1202 2437 R,
1238 2382 1316 2425 Ad
1337 2380 1503 2425 disc.-
1513 2383 1686 2425 tenenti
1707 2382 1766 2437 F,
1794 2382 2404 2427 Atdiscedentem-tenenti
2425 2382 2477 2439 h,

391 2457 466 2500 Ac
495 2456 529 2508 (i
547 2469 624 2511 my
653 2458 768 2506 corr)
799 2453 962 2497 disc.—
974 2452 1147 2497 tetendi
1175 2468 1229 2509 μ,
1260 2452 1322 2495 Et
1351 2451 1698 2496 disc—tenenti
1725 2451 1891 2496 eBerol
1918 2451 2015 2506 VA,
2058 2453 2272 2497 retinere:
2302 2453 2476 2498 tenenti

392 2527 569 2570 (listina)
607 2544 642 2566 ω
694 2526 708 2580 ΙΙ
759 2529 833 2566 καὶ
878 2527 1213 2580 ἀποχωροῦντα
1251 2534 1349 2565 ταῖς
1385 2527 1508 2579 χερσὶ
1547 2526 1753 2576 κατέχειν
1796 2527 2008 2580 ἐφιεμένῃ
2049 2527 2153 2566 σκιά
2195 2541 2279 2578 μοι
2321 2528 2479 2581 γέγονε

391 2603 636 2651 κατεχούσῃ
669 2596 792 2639 Plan
903 2594 990 2639 688
1018 2594 1192 2639 Umbra
1210 2593 1332 2649 fugit
1361 2597 1396 2645 (l
1423 2593 1513 2637 fuit
1531 2606 1626 2637 sser
1655 2594 1726 2646 32)
1754 2608 1797 2648 μ
1826 2605 1855 2637 e
1884 2606 1921 2648 9
1951 2608 1978 2649 ς
2020 2594 2034 2649 ΙΙ
2075 2593 2337 2643 manifest(a
2365 2607 2422 2638 εει)
2451 2606 2476 2637 ο

390 2682 437 2710 m
456 2667 502 2720 2)
530 2668 584 2711 N
604 2667 618 2722 ΙΙ
647 2666 728 2711 sed
749 2672 795 2710 et
813 2666 975 2711 umbra
993 2665 1082 2709 fuit
1098 2664 1158 2722 R,
1180 2664 1341 2709 umbra
1359 2664 1461 2717 fuit,
1482 2663 1573 2708 fuit
1592 2663 1752 2708 umbra
1772 2671 1924 2708 tamen
1944 2664 2159 2720 Rappold
2270 2665 2360 2710 690
2386 2664 2477 2709 cul-

389 2745 464 2781 tus
493 2737 567 2781 Hs
617 2738 631 2792 ΙΙ
671 2750 754 2781 nec
783 2749 873 2792 quo
904 2737 1029 2792 prius
1058 2737 1078 2780 i
1106 2750 1132 2780 r
1161 2736 1227 2779 h²
1367 2734 1449 2779 691
1483 2734 1826 2790 Pallentemque
1855 2741 1902 2778 et
1929 2734 2076 2779 adhuc
2105 2735 2370 2791 nudumque
2396 2734 2479 2779 hu·-

390 2815 541 2852 mente
570 2821 605 2852 c.
637 2817 667 2851 e
778 2807 865 2852 692
892 2808 991 2864 ipse
1018 2807 1199 2862 sumpsi
1226 2805 1295 2861 (cf
1317 2806 1421 2859 668)
1452 2820 1509 2849 ex
1536 2805 1617 2861 M,
1648 2805 1751 2861 ipso
1778 2807 1868 2848 cett
1898 2823 1934 2845 ω
1964 2805 2098 2862 vulyo
2209 2806 2299 2851 693
2325 2818 2479 2862 super·

391 2885 498 2923 sunt
537 2893 570 2923 τ
613 2877 761 2923 cGoth
931 2878 1019 2923 695
1063 2877 1247 2933 fugeres
1291 2877 1359 2932 (cf
1378 2890 1492 2932 quae
1520 2876 1625 2920 dixi
1651 2874 1739 2920 NJ
1742 2875 1826 2919 hbb
1859 2875 1987 2929 1893,
2031 2876 2133 2928 614)
2172 2876 2250 2920 M
2282 2876 2327 2920 1?
2372 2876 2394 2919 l
2434 2889 2475 2931 ς,

390 2948 587 3005 fug-(iens
617 2950 637 2992 i
664 2963 691 2992 r
718 2963 765 2992 m
797 2948 841 3001 2)
870 2950 936 3002 N,
965 2948 1149 3005 fugiens
1178 2950 1216 2992 h
1246 2960 1274 2991 e
1298 2963 1340 3002 μ
1369 2959 1406 3002 9
1435 2962 1463 3003 ς
1495 2965 1532 2988 ω
1562 2947 1698 3003 vulgo
1836 2946 1924 2991 696
1950 2945 2010 2991 ha
2048 2954 2170 2991 certe
2198 2946 2476 3001 Gebhardue,

392 3019 495 3063 Aut
523 3025 642 3063 certe
664 3033 701 3074 p
733 3019 818 3063 147
836 3020 1077 3064 Hartman
1115 3019 1129 3074 ΙΙ
1167 3018 1320 3074 quado
1342 3021 1435 3069 (sic)
1455 3030 1548 3073 per.
1582 3018 1603 3060 l
1638 3020 1653 3071 l!
1689 3029 1825 3073 quon.
1847 3017 2094 3060 moriturus
2123 3032 2164 3073 ς,
2195 3030 2334 3074 quon.
2355 3015 2477 3073 fugi-

391 3089 517 3133 tivus
546 3090 606 3132 ad
635 3103 731 3133 rem
754 3089 839 3133 793
863 3090 978 3133 citat
1003 3089 1079 3132 Hs
1192 3089 1276 3133 697
1308 3089 1517 3133 duxisses
1546 3088 1735 3132 multum
1764 3086 1854 3131 fuit
1882 3101 1925 3131 u.
1944 3087 2019 3131 M
2038 3102 2081 3142 μ
2108 3089 2199 3132 duo
2227 3085 2479 3132 Heinsiani

392 3187 608 3243 Merkel2,
640 3187 745 3231 dux.
775 3193 923 3231 tecum
952 3187 1042 3231 fuit
1068 3202 1110 3233 u.
1141 3202 1172 3232 τ
1200 3189 1255 3232 Ν
1279 3189 1300 3231 l
1328 3203 1355 3244 ς
1384 3187 1458 3231 Hs
1487 3186 1621 3243 vulyo
1650 3186 1772 3243 olim,
1805 3187 2012 3232 duxisses
2042 3221 2052 3231 .
2082 3148 2244 3231 1ίὶειὶιθιῐῗῑωιι.
2275 3187 2335 3240 F,
2370 3186 2474 3231 dux.

393 3266 555 3311 (tecum
585 3258 674 3302 fuit
691 3259 710 3302 i
729 3273 755 3302 r
773 3273 820 3301 m
838 3258 882 3311 2)
903 3258 1013 3302 utile
1040 3260 1093 3313 h,
1124 3258 1166 3302 d.
1197 3258 1286 3302 fuit
1304 3258 1392 3303 hoc
1410 3258 1502 3302 fuit
1520 3271 1563 3301 u.
1595 3270 1638 3308 e,
1669 3257 1713 3300 d.
1745 3257 1961 3312 quoniam
1991 3256 2080 3301 fuit
2099 3271 2143 3301 u.
2173 3269 2210 3312 9
2228 3255 2477 3313 cBemeyy,

393 3327 437 3373 d.
466 3328 554 3372 fuit
583 3328 639 3372 ah
672 3329 745 3380 (ha
765 3340 810 3383 p
838 3327 1014 3383 eBerol,
1060 3343 1088 3374 o
1132 3329 1230 3382 alii)
1260 3328 1348 3373 fuit
1376 3343 1420 3373 u.
1464 3343 1492 3384 ς
1523 3346 1560 3369 ω
1589 3327 1734 3381 Jahn,
1772 3327 1815 3372 d.
1847 3333 2066 3383 quantum
2109 3327 2199 3372 fuit
2240 3333 2303 3372 ut.
2333 3325 2476 3383 Bach,

394 3399 436 3443 d.
467 3406 562 3443 tum
593 3405 688 3443 tum
718 3399 806 3443 fuit
834 3413 877 3443 u.
898 3400 1032 3445 Riese
1145 3400 1232 3445 698
1264 3413 1348 3444 nec
1378 3400 1497 3444 enim
1528 3413 1555 3454 ς
1604 3399 1620 3454 ΙΙ
1660 3399 1781 3442 enim
1810 3397 1983 3449 (debite
2011 3398 2032 3441 i
2057 3411 2084 3441 r
2111 3411 2159 3441 m
2186 3397 2231 3452 2,
2259 3397 2355 3441 uite
2382 3408 2479 3441 aser

393 3484 439 3512 m
468 3469 518 3524 3)
547 3470 607 3513 N
651 3470 666 3524 ΙΙ
706 3470 828 3514 uitae
858 3470 916 3514 de
945 3470 981 3515 Ιι
1096 3471 1181 3516 700
1211 3470 1330 3523 Quin
1361 3470 1526 3515 absens
1547 3481 1593 3524 p
1642 3469 1657 3524 ΙΙ
1707 3468 1873 3513 absens
1902 3468 2032 3523 ponti
2060 3468 2135 3511 M
2169 3468 2184 3523 ΙΙ
2228 3466 2343 3524 perii
2370 3467 2428 3511 F
2443 3479 2477 3511 τ

393 3541 432 3584 h
462 3541 483 3582 l
513 3558 548 3581 ω
578 3541 725 3596 vulyo,
768 3541 896 3595 peri(i
925 3540 944 3583 i
971 3555 998 3584 r
1026 3555 1073 3584 m
1101 3541 1144 3593 2)
1175 3542 1242 3598 N,
1286 3554 1424 3597 pereo
1456 3541 1492 3594 (i
1519 3554 1546 3583 r
1572 3544 1627 3594 μ)
1656 3554 1699 3594 μ
1729 3550 1758 3582 e
1787 3552 1814 3593 ς
1850 3537 1926 3581 Hs
1954 3538 2088 3594 vulyo
2118 3537 2228 3580 olim
2267 3536 2284 3591 ΙΙ
2331 3537 2478 3580 iactor

394 3622 513 3653 nunc
540 3624 597 3653 ex
617 3623 708 3654 uno
728 3623 916 3654 suorum
934 3610 1008 3654 Hs
1027 3611 1160 3668 vulyo
1182 3611 1306 3665 olim,
1335 3612 1570 3667 iactorque
1599 3623 1627 3654 a
1654 3609 1703 3652 fl.
1725 3609 1777 3653 in
1792 3607 1900 3652 Bibl
1918 3608 2038 3652 Diez
2057 3607 2182 3652 1085
2196 3607 2285 3660 Hs,
2313 3606 2477 3652 iactor·
2524 3611 2531 3618 “

397 3691 485 3734 que
513 3678 795 3735 fulgentibus
823 3679 871 3724 R
