2554 4094
331 194 407 233 XII

332 336 423 385 his
439 335 539 397 (X)
562 336 697 398 quid
705 336 888 399 fuerit,
908 336 1091 383 minus
1111 335 1293 396 liquet.
1330 349 1457 384 nam
1481 335 1669 383 utnon
1685 333 1891 383 habent
1905 349 1966 384 ea
1989 335 2100 395 82⁹¹,
2120 337 2199 385 sic
2214 335 2422 386 habent

332 422 654 471 recentiores
692 420 770 482 (m
795 433 834 469 n
861 419 922 470 1³2
936 415 986 481 f
1003 419 1068 479 ς*
1097 436 1126 479 ς
1169 420 1303 469 ΡΙ3η
1344 418 1426 479 ω).
1509 432 1639 482 erqo
1683 420 1883 469 omissa
1930 422 2062 469 sunt
2110 421 2166 469 in
2209 420 2421 482 aliquot

335 507 486 556 libris
541 507 729 555 classis
778 506 846 565 X,
900 519 1012 554 non
1070 507 1247 554 tamen
1305 505 1359 552 in
1417 504 1686 553 omnibus.
1781 505 1943 565 vides,
2003 505 2147 555 unde
2201 507 2256 555 in
2313 505 2421 556 illis

333 590 578 653 (excepto
619 589 669 651 ε)
701 592 892 653 postea
930 590 1198 651 adscripta
1236 590 1361 637 sint.
1435 589 1663 649 antiquo
1702 590 1870 652 iqitur
1901 604 2035 639 aevo
2071 604 2150 651 ea,
2190 603 2330 652 quae
2363 590 2419 639 in

335 676 592 725 manibus
622 675 909 724 hominum
940 677 1094 724 erant
1116 674 1375 736 exempla,
1408 675 1607 735 partim
1634 673 1913 723 habebant
1935 675 2042 735 illa,
2075 676 2275 738 partim
2307 689 2419 725 non

335 761 627 810 habebant.
703 761 782 809 sic
819 761 971 822 oriqo
1008 760 1203 808 erroris
1241 758 1366 807 inde
1389 759 1676 821 repetenda
1705 759 1929 819 videtur,
1970 760 2121 821 quod
2153 761 2208 808 in
2233 759 2421 822 aliquo

336 846 511 895 nobili
528 845 771 907 exemplo
781 840 841 906 1),
859 859 925 893 ex
941 858 1048 905 quo
1066 843 1234 892 multa
1250 843 1567 906 apoqrapha
1581 846 1771 905 postea
1790 846 2064 904 venerunt,
2084 843 2421 893 hemistichia

331 932 512 994 primo
542 932 760 990 omissa,
793 931 923 991 post
949 929 1196 991 suppleta
1231 930 1375 977 sunt.
1453 929 1550 989 qui
1571 929 1844 990 exemplar
1867 929 2003 978 illud
2026 929 2426 992 descripserunt

338 1017 544 1065 librarii
592 1017 792 1064 veteres
828 1014 963 1063 haec
1010 1013 1257 1076 suppleta
1303 1015 1401 1061 aut
1447 1011 1648 1075 (neque
1694 1015 1836 1062 enim
1882 1028 2077 1063 sensus
2113 1011 2426 1078 flayitabat)

339 1102 642 1150 omiserunt
676 1101 773 1148 aut
799 1100 853 1147 in
894 1100 1095 1147 textum
1123 1099 1480 1158 inseruerunt,
1517 1100 1682 1160 atque
1704 1099 1802 1148 alii
1835 1097 2006 1161 (velut
2033 1099 2284 1148 librarius
2307 1100 2427 1149 eius

338 1186 582 1248 exempli,
624 1185 773 1246 quod
807 1184 1008 1233 Seneca
1048 1181 1198 1246 leqit)
1236 1184 1395 1244 iust0,
1450 1183 1547 1232 alii
1588 1182 1759 1244 (velut
1795 1185 1856 1242 is,
1909 1185 2007 1245 qui
2057 1184 2195 1233 illud
2245 1197 2424 1233 exem-

334 1271 505 1333 plum,
543 1270 618 1319 ad
654 1269 805 1330 quod
840 1285 877 1318 α
915 1269 1068 1329 redit,
1106 1266 1367 1330 exaravit)
1396 1268 1542 1332 falso
1580 1268 1713 1317 loco.

479 1355 745 1403 Bernensi
796 1356 971 1403 aetate
1022 1355 1330 1416 proximum
1387 1355 1469 1402 est
1521 1353 1749 1402 alterum
1807 1354 2178 1416 fragmentum
2199 1391 2215 1414 ,
2278 1354 2430 1416 quod

341 1441 521 1488 utrum
576 1439 738 1494 classi
794 1438 843 1489 0
896 1454 967 1488 an
1014 1438 1097 1500 (id
1143 1438 1293 1500 quod
1338 1435 1549 1499 malim)
1593 1437 1652 1486 X
1680 1438 2086 1487 attribuendum
2124 1439 2198 1487 sit
2226 1452 2425 1501 parum

338 1526 563 1574 constat.

278 1608 310 1656 λ
479 1609 959 1671 Fragmentum
986 1609 1336 1671 Lipsiense
1371 1608 1487 1671 Rep
1512 1608 1546 1656 I
1575 1622 1646 1656 nr
1683 1609 1764 1656 74.
1823 1610 1905 1657 est
1939 1609 2428 1668 membranaceum,

339 1695 555 1744 saeculo
574 1694 631 1743 X
645 1695 922 1756 scriptum.
960 1694 1149 1742 insunt
1165 1695 1275 1742 met
1291 1688 1629 1743 111131l252
1649 1693 1704 1741 in
1718 1693 1871 1756 foliis
1889 1690 2083 1743 28vl31
2132 1731 2143 1742 .
2183 1693 2435 1756 sequitur

341 1781 522 1829 autem
535 1781 666 1842 post
678 1793 767 1828 am
784 1778 873 1827 III
881 1778 918 1826 5
930 1777 1022 1826 hic
1039 1778 1257 1827 titulus:
1274 1778 1421 1827 Idem
1433 1776 1675 1826 eiusdem
1689 1791 1758 1826 ex
1769 1778 1906 1828 libro
1918 1777 2430 1842 metamorphoseon

344 1866 536 1914 acteon
574 1864 630 1912 in
668 1878 903 1913 ceruum.
978 1878 1041 1912 ac
1089 1864 1342 1913 dixerunt
1382 1864 1449 1912 de
1484 1863 1591 1912 hoc
1630 1864 1836 1927 insiqni
1871 1864 2053 1914 codice
2090 1865 2146 1912 in
2182 1862 2432 1913 Berichte

342 1950 381 1999 d
425 1949 521 2012 kql
563 1949 718 1998 sa‘chs
757 1949 862 1998 Ges
908 1949 947 1997 d
982 1949 1119 1997 Wiss
1154 1949 1216 1997 II
1246 1949 1403 2009 1850,
1441 1950 1471 1997 1
1490 1963 1557 2011 sq
1605 1948 1811 2012 (Opusc
1847 1949 1880 1998 I
1909 1950 2016 1998 286
2029 1948 2120 2011 sq)
2165 1949 2430 2011 MHanpt,

345 2037 401 2084 in
430 2025 1024 2098 Uberlieferunqsyesch
1065 2048 1169 2083 von
1199 2033 1275 2083 Ου
1303 2034 1554 2084 Carmina
1591 2035 1854 2084 amatoria
1880 2033 2032 2096 (Diss
2049 2035 2248 2084 Monac
2266 2034 2432 2096 1910)

337 2136 377 2183 p
416 2121 453 2168 8
488 2119 682 2183 STafel
721 2121 774 2168 et
804 2133 980 2182 nuper
1003 2120 1058 2168 in
1083 2119 1319 2168 editione
1338 2119 1619 2168 Aldhelmi
1640 2118 1796 2182 (Mon
1824 2119 1982 2169 Germ
2008 2121 2137 2169 auct
2158 2121 2432 2182 antiquiss

342 2205 449 2254 XV
466 2203 524 2267 1)
549 2204 582 2253 I
601 2205 674 2253 48
696 2204 994 2254 REhwald.
1045 2205 1274 2254 contulit
1294 2207 1425 2267 post
1450 2205 1774 2255 Clementem
1800 2205 2083 2254 Hellmuth
2110 2203 2431 2268 (Sitzunysb

344 2292 383 2340 d
417 2290 513 2353 kql
546 2290 725 2352 Bayer
756 2289 844 2338 Ak
881 2290 920 2338 d
958 2290 1094 2338 Wiss
1130 2290 1271 2338 1883
1306 2289 1367 2338 II
1386 2290 1493 2338 222
1510 2289 1600 2351 sq)
1660 2290 1950 2340 FVollmer
1982 2290 2434 2352 collationemque

342 2390 498 2425 suam
541 2376 771 2437 benigne
805 2374 947 2422 mihi
975 2375 1237 2437 permisit.
1314 2376 1486 2424 totum
1525 2375 1761 2424 codicem
1799 2376 1972 2424 redire
2007 2375 2082 2424 ad
2114 2376 2432 2437 antiquissi-

343 2476 489 2510 mam
527 2462 755 2509 aetatem
797 2460 1188 2523 Carolinqicam
1228 2462 1282 2509 et
1314 2461 1583 2510 artissime
1619 2461 1906 2511 cohaerere
1942 2475 2065 2511 cum
2103 2461 2276 2511 Paulo
2300 2461 2431 2510 Dia-
2468 2437 2484 2455 ⁰

345 2560 498 2606 con0,
548 2545 865 2608 Theodulfo,
913 2528 1146 2594 Alcuz'no
1202 2559 1498 2609 eorumque
1550 2546 1748 2595 studiis
1801 2546 1987 2595 docuit
2031 2560 2118 2595 me
2162 2546 2289 2596 olim
2336 2559 2437 2609 per

348 2632 550 2680 litteras
575 2631 845 2679 LTraube.
907 2644 1039 2679 sane
1075 2630 1244 2679 multa
1271 2630 1438 2680 habet
1461 2631 1494 2680 λ
1519 2633 1799 2681 notatione
1823 2631 2005 2694 digna.
2067 2631 2142 2680 ad
2163 2631 2438 2694 exemplar

345 2716 661 2765 maiusculis
717 2716 906 2764 litteris
961 2716 1221 2778 scriptum
1290 2717 1560 2778 pertinere
1619 2717 1832 2766 videtur
1880 2717 1969 2765 III
1999 2717 2105 2765 219
2160 2715 2289 2766 aflio
2327 2731 2432 2779 pro

347 2802 485 2851 aello
524 2801 765 2861 (AELL
788 2800 868 2860 Ο).
945 2801 1206 2850 vocabula
1260 2802 1576 2864 saepissime
1618 2802 1764 2865 falso
1812 2802 1983 2851 divisa
2030 2803 2163 2851 sunt
2213 2803 2274 2851 ut
2325 2802 2434 2851 195

348 2887 627 2936 cacumina
653 2888 848 2946 tames,
886 2887 994 2934 208
1028 2887 1243 2949 gentem
1282 2886 1543 2950 elampus,
1580 2887 1685 2936 233
1712 2901 1835 2936 oros
1859 2886 2116 2950 itraphOS,
2150 2887 2257 2936 236
2281 2886 2433 2936 Cete-

348 2974 495 3020 ratur
543 2971 722 3020 bacoit
773 2972 894 3020 alia.
963 2971 1174 3034 formas
1228 2971 1459 3021 Graecas
1512 2973 1659 3020 in-os
1710 2973 1966 3020 exeuntes
2015 2985 2431 3033 nonnumquam

349 3057 526 3106 solum
565 3057 798 3104 servavit
834 3056 866 3104 λ
907 3059 967 3104 ut
1002 3056 1107 3104 210
1143 3056 1480 3120 pamphagos
1507 3084 1575 3089 —-
1602 3056 1861 3116 oriuaSOS,
1888 3057 1989 3106 211
2018 3055 2434 3119 Nebrophonos-

350 3156 472 3205 que,
511 3142 615 3190 220
642 3140 813 3190 thoos,
866 3141 1005 3190 idem
1047 3138 1542 3203 veramsslectionem
1581 3155 1693 3191 non
1729 3141 1897 3191 semel
1930 3142 2107 3191 solum
2148 3141 2232 3190 vel
2258 3154 2435 3204 paene
2538 3166 2543 3173 ·f

348 3228 526 3276 solum
568 3228 779 3277 videtur
810 3241 1068 3286 servasse,
1107 3227 1167 3290 cf
1182 3227 1290 3277 205
1326 3228 1484 3276 timor
1518 3227 1621 3276 hoc
1658 3227 1848 3291 pudor,
1895 3227 2002 3276 206
2037 3226 2319 3290 primique,
2367 3227 2435 3276 de
2493 3235 2498 3239 ’

350 3312 471 3362 aliis
507 3311 593 3374 (ut
627 3313 732 3361 149
769 3312 1159 3374 Fortunaeque,
1198 3313 1305 3361 152
1341 3313 1486 3362 idem
1522 3311 1685 3372 meta)
1723 3312 1906 3361 adhuc
1942 3312 2148 3361 dubit0.

288 3396 337 3446 0
501 3397 701 3446 Classis
741 3392 843 3457 02)
886 3410 1158 3459 perpauca
1204 3398 1445 3460 exempla
1492 3399 1641 3446 aetas
1689 3397 2024 3459 Carolinqica
2067 3396 2336 3458 accepisse
2381 3398 2437 3445 et

498 3522 536 3573 1)
572 3522 735 3568 Quidni
763 3523 807 3561 in
840 3521 924 3569 illo,
955 3522 1073 3570 quod
1097 3524 1225 3571 poeta
1256 3534 1308 3561 ex
1336 3522 1475 3561 Ponto
1504 3522 1563 3561 ad
1586 3522 1829 3572 principem
1868 3522 2040 3560 misisse
2079 3520 2278 3560 videtur?
2335 3520 2436 3560 licet

352 3594 468 3632 enim
499 3593 706 3632 hariolari
735 3594 778 3631 in
808 3603 855 3631 re
886 3593 1059 3632 incerta.

495 3663 535 3711 2)
566 3663 685 3712 stylo
710 3660 754 3703 Ο
776 3662 1023 3712 conplector
1039 3663 1121 3709 hic,
1145 3666 1194 3702 ut
1214 3664 1412 3702 brevitati
1427 3664 1624 3710 serviam,
1655 3659 1725 3702 M
1730 3660 1787 3702 N
1792 3659 1826 3715 β
1835 3671 1922 3707 κπ,
1954 3672 2052 3700 cum
2085 3661 2127 3699 in
2157 3660 2433 3699 adnotatione
