2528 4088
353 267 484 306 XXVI

500 409 549 459 3.
598 410 937 472 Ubicumque
984 410 1261 459 lectionem
1299 409 1539 470 aliquam
1579 408 1635 456 in
1675 406 1725 458 O
1762 410 2031 458 inventam
2064 409 2280 473 falsam,
2327 411 2442 460 sive

357 489 818 560 corruptamlsioe
844 495 1234 557 interpolatam,
1273 506 1389 541 esse
1428 492 1529 540 tibi
1555 495 1905 555 persuaseris,
1954 494 2235 558 confuyies
2270 495 2346 544 ad
2375 490 2437 545 X
2434 533 2446 544 .

360 594 541 643 neque
584 582 781 641 tamen,
819 581 929 628 nisi
962 579 1011 628 F
1040 580 1225 628 ceteris
1257 577 1529 640 praesidio
1566 578 1652 638 sit,
1703 593 1994 642 aynoscam
2034 579 2258 628 classem
2313 579 2448 628 inte-

356 680 528 728 9ram.
599 668 681 715 est
704 667 847 715 enim
869 666 1187 728 periculum,
1225 678 1295 712 ne
1320 664 1493 723 ceteri,
1530 663 1600 712 ab
1636 663 1685 713 F
1714 665 1970 726 destituti,
2008 665 2248 715 habeant
2285 666 2446 715 inter-

353 751 668 813 polationes
717 753 848 814 post
901 751 1162 813 ori9inem
1221 749 1365 797 illius
1418 762 1540 797 saec
1581 748 1695 798 XII
1738 751 1821 799 vel
1863 752 2037 800 serius
2071 751 2230 800 natas
2263 752 2319 799 et
2345 764 2449 814 per

364 837 878 885 contaminationem
918 836 973 883 in
1010 835 1212 883 multos
1249 833 1415 882 libros
1453 833 1643 883 illatas.

503 922 554 971 4.
612 921 876 980 Quoniam
937 921 1149 968 constat
1193 916 1243 967 0
1295 919 1541 967 omisisse
1594 917 1812 981 (causae
1860 921 2184 983 plerumque
2232 914 2448 983 patent)

363 1020 549 1055 versus
594 1006 859 1067 quosdam
901 1006 983 1054 vel
1019 1018 1269 1053 versuum
1308 1005 1508 1066 partes,
1561 1018 1688 1053 cave
1740 1005 2016 1055 abiudices
2054 1007 2247 1069 poetae
2295 1004 2447 1067 quic-

359 1106 524 1153 quam
576 1093 876 1154 propterea,
934 1090 1086 1151 quod
1139 1089 1196 1137 id
1249 1091 1303 1137 in
1345 1087 1395 1138 Ο
1449 1089 1610 1138 deest.
1684 1092 1743 1140 at
1796 1091 2124 1153 ubicumque
2178 1103 2320 1154 quae
2373 1089 2452 1138 ibi

356 1177 733 1225 desiderantur
765 1175 1048 1224 habebunt
1081 1175 1321 1236 aliquam
1369 1174 1718 1238 offensionem
1763 1177 1876 1224 sive
1929 1189 2123 1226 sensus
2175 1177 2289 1226 sive
2339 1188 2451 1224 ser-

358 1263 540 1311 monis
578 1262 693 1310 sive
730 1261 810 1309 rei
844 1261 1110 1320 metricae,
1152 1260 1213 1308 ut
1248 1260 1478 1308 insiticia
1517 1259 1741 1309 delenda
1767 1262 1940 1309 erunt.

504 1361 552 1409 5.
592 1355 1020 1424 Inssconiecturis
1050 1359 1318 1423 faciendis
1361 1361 1415 1408 et
1455 1359 1775 1422 recipiendis
1820 1361 1921 1408 viri
1955 1361 2114 1421 docti,
2170 1361 2269 1423 qui
2318 1360 2449 1410 huic

359 1446 588 1494 carmini
624 1459 840 1507 operam
868 1445 1093 1505 dabunt,
1132 1446 1284 1494 omni
1315 1458 1511 1507 genere
1543 1445 1809 1494 cautionis
1833 1447 1887 1493 et
1908 1445 2203 1495 modestiae
2228 1446 2453 1495 utantur

359 1531 533 1579 velim.
611 1532 822 1579 mutare
858 1531 1001 1579 enim
1042 1530 1194 1592 quod
1227 1531 1401 1579 exstat
1438 1530 1493 1578 in
1530 1527 1577 1578 A
1617 1530 1755 1578 idem
1794 1532 1876 1579 est
1909 1532 2075 1592 atque
2126 1531 2337 1580 mutare
2399 1530 2458 1579 id

358 1616 512 1677 quod
549 1616 656 1678 ipsi
693 1617 892 1664 veteres
930 1616 1176 1678 leqerunt
1209 1617 1263 1664 et
1297 1615 1475 1664 medio
1511 1629 1644 1664 aevo
1674 1615 2047 1678 prodiderunt.

503 1714 551 1763 6.
594 1715 662 1763 Ut
696 1716 853 1764 novis
890 1714 1166 1764 codicibus
1205 1715 1529 1777 indagandis
1572 1716 1626 1764 et
1670 1714 1996 1764 adhibendis
2032 1715 2285 1778 futurum
2334 1729 2452 1765 esse

356 1813 530 1862 spero,
578 1802 638 1848 ut
675 1814 783 1849 uno
821 1802 874 1848 et
907 1800 1075 1849 altero
1114 1801 1231 1849 loco
1273 1801 1467 1862 poetae
1508 1814 1670 1848 suum
1714 1800 1984 1862 reddatur,
2043 1801 2132 1862 ita,
2190 1801 2450 1863 quoniam

355 1885 826 1948 Metamorphoses
865 1886 970 1934 iam
1008 1900 1156 1934 nunc
1194 1886 1326 1934 tales
1356 1886 1473 1948 fere
1507 1884 1791 1946 habemus,
1841 1886 2029 1947 quales
2071 1886 2269 1935 habuit
2301 1887 2451 1936 aetas

363 1970 721 2033 Carolinyica,
777 1985 997 2020 monere
1053 1972 1209 2020 velim
1255 1985 1397 2020 nova
1445 1971 1774 2020 recensionis
1803 1971 2163 2034 fundamenta
2200 1972 2305 2021 iaci
2336 1985 2451 2021 non

353 2069 519 2118 posse
556 2057 665 2104 nisi
702 2056 852 2105 libris
889 2057 1006 2105 eius
1042 2056 1194 2106 modi
1232 2057 1479 2117 inventis,
1519 2057 1618 2117 qui
1647 2058 1744 2105 aut
1773 2057 1977 2105 similes
2009 2057 2122 2105 sint
2136 2057 2450 2120 fragmento

360 2141 439 2189 illi
475 2157 511 2189 α
554 2142 798 2190 seiuncto
835 2156 867 2190 a
903 2156 1067 2205 yreye
1104 2143 1398 2191 ceterorum
1426 2143 1480 2190 et
1504 2142 1664 2203 quasi
1685 2141 1927 2191 solitario
1950 2143 2049 2191 aut
2069 2142 2183 2191 sint
2205 2142 2450 2206 familiae

363 2224 413 2275 Ο
451 2226 695 2275 membra
733 2229 898 2288 atque
935 2241 996 2276 ea
1035 2227 1231 2276 librum
1270 2226 1376 2275 XV
1404 2227 1688 2275 servantia.

510 2311 857 2361 Coniecturas
911 2314 965 2361 et
1017 2313 1176 2361 notas
1233 2313 1467 2360 veterum
1525 2312 1871 2374 interpretum
1919 2325 1985 2360 ex
2030 2312 2264 2362 editione
2308 2312 2455 2361 Petri

360 2396 666 2446 Burmanni
700 2396 906 2459 (tomus
941 2397 1012 2458 II,
1049 2398 1392 2447 Amsterdam
1431 2395 1595 2458 1727)
1641 2398 1854 2459 sumpsi
1894 2399 1948 2446 et
1996 2398 2052 2445 in
2105 2411 2280 2446 meam
2335 2411 2449 2446 rem

359 2483 612 2531 converti.
684 2484 960 2545 praeterea
999 2483 1138 2546 elegi
1173 2485 1278 2531 tres
1314 2483 1577 2531 editiones
1615 2483 2006 2531 vetustissimas
2047 2481 2168 2543 has,
2218 2495 2450 2544 quarum

359 2567 611 2616 lectiones
652 2569 975 2630 praecipuas
1013 2569 1068 2616 in
1105 2568 1455 2617 adnotatione
1491 2567 1866 2616 exscriberem:

288 2665 336 2713 R
506 2666 551 2715 1.
590 2667 821 2716 Editio
871 2669 1184 2730 princeps
1250 2662 1601 2728 Romanal)
1659 2667 1795 2715 anni
1846 2666 2005 2715 1471.
2051 2667 2100 2714 4.
2145 2666 2252 2715 177
2292 2665 2446 2729 folia.

354 2754 575 2814 praesto
614 2752 754 2800 mihi
784 2753 896 2816 fuit
948 2753 1221 2815 exemplar
1270 2754 1325 2801 in
1383 2751 1705 2801 bibliotheca
1744 2751 2088 2814 Gottinqensi
2137 2750 2242 2800 sub
2295 2750 2453 2800 titulo

365 2835 526 2886 ‘Auct
549 2837 651 2886 Lat
673 2837 762 2886 III
780 2837 939 2886 4930’
973 2838 1333 2887 adservatum.
1397 2837 1595 2886 desunt
1617 2836 1708 2885 hic
1727 2836 1887 2900 frons
1911 2837 1965 2885 et
1980 2836 2221 2898 primum
2252 2835 2450 2898 folium

366 2935 487 2969 cum
546 2922 788 2971 versibus
843 2923 877 2971 I
907 2917 1106 2984 1l532),
1153 2923 1252 2984 qui
1303 2936 1488 2971 versus
1525 2923 1581 2970 in
1622 2921 1761 2984 folio
1792 2922 1983 2983 postea
2033 2921 2231 2970 inserto
2283 2933 2452 2969 manu

368 3007 557 3067 mult0,
599 3009 659 3055 ut
696 3008 919 3068 videtur,
957 3008 1249 3057 recentiore
1284 3007 1521 3070 suppleti
1555 3008 1699 3056 sunt.
1753 3007 1807 3055 in
1829 3007 1943 3070 sine
1968 3006 2093 3055 libri
2126 3005 2451 3067 subscriptio

363 3092 460 3151 est,
500 3093 654 3139 cuius
686 3093 959 3153 postrema
998 3092 1229 3141 disticha
1265 3092 1400 3141 haec
1435 3093 1592 3140 sunt:

512 3243 552 3293 1)
585 3244 684 3282 Non
733 3245 821 3283 vidi
862 3245 1093 3284 editionem
1124 3246 1403 3284 Parmensem
1450 3246 1494 3284 in
1521 3245 1568 3294 s⁰
1600 3243 1792 3283 eiusdem
1825 3245 1942 3290 anni,
1973 3244 2026 3283 de
2054 3254 2139 3293 qua
2167 3242 2290 3281 haee
2300 3242 2453 3281 scribit

365 3314 565 3353 LSanten
601 3315 645 3352 in
675 3315 797 3353 Mscr
823 3315 929 3354 Diez
955 3315 1104 3354 BSant
1132 3316 1268 3355 1482:
1313 3316 1439 3355 Solae
1483 3315 1631 3354 insunt
1672 3313 2041 3362 Metamorphoses
2085 3314 2128 3351 et
2170 3311 2312 3351 Ovidii
2347 3312 2448 3352 vita.

362 3385 502 3424 Edidit
537 3387 578 3423 et
610 3386 830 3434 praefatus
861 3388 926 3424 est
954 3386 1207 3425 Franciscus
1236 3387 1497 3426 Puteolanus
1526 3385 1784 3424 Parmensis.
1841 3384 2063 3434 Impressit
2090 3382 2315 3422 Balthasar
2340 3382 2450 3421 Azo-

364 3455 537 3504 guidus,
573 3455 682 3494 civis
711 3456 1010 3504 Bononiensis,
1040 3457 1205 3505 primus
1235 3458 1281 3495 in
1311 3469 1390 3496 sua
1420 3457 1591 3496 civitate
1621 3454 1724 3495 artis
1753 3455 2055 3504 impressoriae
2083 3454 2292 3494 inventor.
2324 3453 2449 3494 1471.

366 3526 589 3575 exemplar
617 3526 912 3575 magnificum.

513 3597 552 3646 2)
584 3597 723 3636 Docet
750 3609 831 3636 nos
860 3597 1209 3647 HStSedlmayer
1238 3596 1427 3650 (Wiener
1452 3599 1635 3638 Studien
1651 3598 1709 3636 VI
1719 3597 1843 3645 1884,
1874 3596 1958 3635 142
1971 3592 2039 3649 sq)
2078 3595 2308 3634 editionem
2337 3594 2450 3634 hanc

366 3671 560 3707 curatam
615 3669 669 3707 ab
716 3669 919 3718 episcopo
949 3668 1150 3707 Johanne
1179 3669 1350 3708 Andrea
1381 3671 1434 3708 de
1462 3670 1606 3709 Aleria
1635 3669 1793 3707 habere
1824 3669 1867 3707 in
1893 3668 2038 3718 fronte
2069 3665 2243 3705 titulum
2272 3664 2452 3704 ‘POvidi

369 3739 557 3778 Nasonis
586 3739 739 3788 Maqni
766 3740 908 3788 operis
937 3739 1336 3788 Metamorphoseos
1367 3740 1476 3779 liber
1498 3739 1698 3790 primus'.
