2580 4088
887 876 1115 930 LIBER
1152 875 1442 931 PRIMUS.

268 1061 334 1114 In
368 1077 502 1115 nova
536 1062 638 1115 fert
674 1062 882 1115 animus
918 1064 1148 1116 mutatas
1186 1062 1354 1115 dicere
1390 1059 1582 1114 formas

128 1161 360 1216 corpora:
400 1147 465 1212 di,
502 1147 695 1215 coeptis
736 1150 878 1212 (nam
914 1163 1005 1200 vos
1041 1148 1285 1200 mutastis
1323 1147 1377 1199 et
1411 1146 1548 1206 illas)

126 1232 386 1301 adspirate
422 1232 553 1286 meis
589 1234 858 1299 primaque
895 1232 960 1285 ab
999 1232 1193 1299 origine
1229 1231 1414 1285 mundi

127 1317 192 1370 ad
228 1332 348 1371 mea
380 1319 687 1385 perpetuum
724 1317 962 1370 deducite
998 1319 1231 1385 tempora
1267 1331 1490 1370 carmen.

269 1403 406 1455 Ante
423 1417 585 1455 *mare
622 1403 676 1454 et
711 1403 874 1454 terras
912 1403 966 1454 et
1003 1402 1139 1468 quod
1178 1402 1308 1468 tegit
1343 1400 1519 1453 omnia
1556 1399 1758 1452 caelum
2187 1407 2210 1447 5
2267 1401 2426 1467 Mundi

128 1502 266 1540 unus
305 1489 418 1540 erat
451 1488 560 1540 toto
596 1488 812 1539 naturae
848 1486 1023 1539 vultus
1061 1487 1118 1537 in
1154 1486 1290 1549 orbe,
2289 1471 2416 1510 ον’-(10·

130 1587 286 1639 quem
324 1572 494 1624 dixere
532 1570 715 1624 chaos:
754 1571 898 1623 rudis
934 1569 1293 1637 indigestaque
1330 1569 1509 1636 moleS,

127 1672 226 1709 nec
263 1658 543 1724 quicquam
578 1656 679 1708 nisi
713 1655 915 1723 pondus
951 1655 1090 1707 iners
1128 1655 1475 1721 congestaque
1512 1651 1695 1705 eodem

127 1756 233 1795 non
267 1742 400 1794 bene
436 1741 732 1793 iunctarum
768 1738 1028 1812 discordia
1055 1739 1267 1809 >semina
1301 1753 1490 1791 rerum.

127 1826 303 1879 nullus
339 1825 507 1879 adhuc
541 1824 736 1877 mundo
765 1810 1051 1892 {Faebebat
1087 1824 1289 1876 lumina
1320 1823 1491 1891 Titan,
2170 1829 2215 1869 10

384 1980 750 2022 TESTIMONIA.

275 2070 293 2109 1
329 2069 426 2108 Stat
453 2067 545 2107 silv
565 2068 623 2107 II
643 2065 678 2112 7,
706 2065 783 2107 78:
814 2069 857 2105 et
886 2066 963 2117 qui
994 2077 1217 2117 corpora
1246 2065 1387 2116 prima
1414 2064 1708 2115 transfigurat.
1786 2079 1790 2082 ·

274 2140 295 2180 1
312 2152 360 2190 sq
388 2141 517 2191 Huqo
552 2140 601 2178 de
635 2138 849 2190 Trimberq
877 2138 942 2187 (ca
958 2135 1103 2187 1260)
1132 2138 1379 2189 Reqistmcm
1418 2137 1655 2176 multorum
1698 2138 1921 2175 auctorum
1950 2148 1984 2185 p
2014 2131 2073 2174 19
2102 2134 2215 2173 Hue-

129 2223 235 2250 mer:
265 2202 342 2248 ‘In
370 2208 836 2250 nova—mutastis
865 2211 914 2247 et
943 2206 1407 2259 ipsas—tempora
1436 2197 1669 2246 carmen'.

273 2281 298 2320 5
319 2294 367 2331 sq
396 2282 581 2320 Lactant
614 2281 685 2320 div
721 2280 813 2320 inst
838 2281 895 2319 II
923 2277 964 2331 8,
1001 2277 1030 2319 8
1059 2281 1247 2318 Brandt:
1291 2290 1369 2318 nec
1407 2276 1611 2318 audiendi
1648 2280 1748 2316 sunt
1785 2279 1949 2328 poetae,
1980 2275 2055 2326 qui
2095 2274 2216 2315 aiunt

132 2349 286 2390 chaos
327 2349 374 2388 in
409 2350 625 2402 principio
661 2350 805 2399 fuisse,
844 2349 890 2388 id
926 2352 991 2388 est
1026 2348 1317 2388 confusionem
1355 2360 1498 2387 rerum
1542 2350 1671 2398 atque
1707 2346 2029 2395 elementorum,
2069 2349 2217 2397 postea

132 2431 234 2461 vero
253 2419 381 2460 deum
401 2419 622 2460 diremisse
643 2432 806 2459 omnem
833 2420 955 2459 illam
985 2419 1286 2470 congeriem
1317 2418 1582 2470 singulisque
1604 2417 1733 2457 rebus
1752 2428 1807 2456 ex
1828 2418 2003 2457 confuso
2022 2428 2216 2457 aceruo

131 2490 338 2542 separatis
364 2490 412 2530 in
442 2490 717 2540 ordinemque
746 2489 966 2541 discriptis
995 2490 1251 2529 instruxisse
1280 2489 1489 2529 mundum
1520 2493 1562 2528 et
1591 2501 1775 2531 ornasse.

270 2629 329 2672 P'
361 2628 560 2674 OVIDH
587 2627 843 2673 NASONIS
885 2627 1411 2673 METAMORPHOSES
1451 2627 1649 2671 LIBER.
1687 2628 1722 2671 I.
1756 2626 1881 2672 CVM
1914 2626 2042 2671 SVIS
2070 2624 2216 2670 NAR-

131 2699 492 2746 RATIONIBVS
544 2698 730 2743 1NCIP⁷
763 2700 836 2743 M
876 2698 1101 2744 INCIPIT
1145 2698 1338 2744 OVIDH
1381 2698 1519 2754 (NAS
1565 2697 1779 2742 METAM
1821 2712 1966 2753 paene
2010 2697 2215 2750 evanida)

133 2768 449 2816 ORPHOSEO
486 2770 507 2812 l
533 2769 770 2814 INCIPIT.
813 2770 848 2814 I.
879 2769 1062 2813 LIBER
1093 2768 1283 2814 OVIDH
1312 2766 1877 2814 METAMORPHOSEOS
1908 2780 1937 2811 e
1965 2767 2215 2811 Inuocatio.

69 2871 76 2887 .-
131 2839 574 2896 metamorphoseon.
611 2841 647 2885 I.
676 2840 791 2886 liber
826 2854 856 2897 p
896 2840 1038 2885 ouidii
1070 2855 1105 2884 α
1135 2840 1295 2896 incipit
1330 2853 1374 2896 p.
1404 2854 1448 2884 n.
1481 2853 1523 2884 o.
1553 2838 1868 2895 Metamorpho
1908 2839 1971 2882 sis
2000 2851 2028 2881 ε
2055 2836 2216 2881 nullus

48 2931 54 2935 ·
132 2911 298 2957 titulus
325 2911 377 2955 in
406 2912 467 2954 N
482 2913 520 2955 h
534 2911 575 2964 f.

275 2981 405 3037 11199
431 2983 615 3026 exstant
632 2983 684 3026 in
705 2997 740 3026 α
781 2984 796 3036 ΙΙ
836 2982 1022 3038 primae
1047 2982 1246 3038 payz'nae
1267 2980 1403 3037 (1155)
1423 2994 1577 3024 versus
1605 2981 1675 3024 ita
1705 2982 2003 3037 evanuerunt,
2033 2981 2088 3023 ut
2107 2991 2216 3033 per-

122 3066 277 3109 pauca
307 3052 398 3109 kyi
415 3053 602 3108 possint
630 3054 651 3096 l
794 3053 872 3105 1s4
899 3052 974 3097 del
1001 3053 1070 3109 (cf
1087 3066 1118 3108 p
1138 3052 1198 3096 27
1225 3051 1442 3104 Hedicke)
1471 3051 1668 3108 Bentley
1824 3050 1845 3094 1
1882 3050 1954 3094 En
1982 3062 2106 3094 noua
2125 3049 2217 3102 (sed

122 3124 336 3180 primum
364 3123 431 3180 fol
457 3124 694 3168 continens
722 3138 774 3168 vv
804 3123 907 3169 Il53
931 3124 1218 3179 deperditum
1256 3136 1398 3166 manu
1433 3123 1657 3178 seriptum
1694 3124 1860 3174 emetat)
1890 3120 1937 3166 R
2078 3119 2107 3163 2
2137 3118 2216 3163 dii-

132 3195 275 3251 ceptis
303 3208 330 3239 ε
348 3194 421 3238 Μ
459 3207 580 3251 corp.
629 3194 891 3251 concoeptis
927 3206 1085 3291 {istos
1114 3195 1178 3238 ir
1207 3205 1247 3237 n
1267 3193 1325 3237 h³
1354 3206 1459 3238 nam
1489 3193 1537 3237 di
1566 3192 1777 3238 mutastis
1815 3198 1862 3237 et
1889 3192 1993 3236 illas
2022 3205 2058 3235 α
2079 3205 2105 3235 ε
2126 3205 2167 3247 φ
2188 3204 2216 3245 ς

131 3291 436 3345 μεταβάλλετε
464 3294 536 3348 (=
560 3293 764 3349 mutatis)
785 3293 909 3337 Plan
929 3294 1028 3338 illas
1058 3305 1087 3337 e
1114 3300 1225 3337 mut.
1256 3291 1436 3337 easdem
1470 3307 1497 3348 ς
1520 3296 1568 3337 et
1585 3293 1710 3348 ipsas
1730 3292 1872 3348 Huyo
1902 3292 1958 3335 de
1985 3290 2217 3345 Tm'mbery

60 3408 63 3423 ,γ
133 3368 182 3408 et
206 3362 312 3408 illac
338 3363 535 3408 Merkel2
563 3369 612 3408 et
637 3363 715 3408 illa
743 3366 910 3420 (coepta
936 3377 995 3418 sc,
1023 3364 1078 3421 cf
1097 3363 1170 3408 De
1201 3363 1264 3408 Ov
1293 3366 1407 3419 poet
1423 3377 1462 3419 p
1491 3363 1553 3408 83
1578 3363 1833 3417 Hartman)
1865 3361 2013 3418 Lejay
2061 3362 2077 3415 ΙΙ
2127 3371 2216 3403 vos

132 3433 437 3479 accusativum
464 3437 599 3490 atque
626 3439 674 3479 et
703 3435 955 3491 copulative
982 3448 1118 3479 sensu
1147 3447 1240 3478 esse
1267 3434 1366 3479 vult
1384 3434 1437 3490 (p
1455 3433 1545 3490 VI)
1565 3434 1733 3478 Pascal
1846 3434 1876 3477 4
1905 3432 2169 3477 continuum
2191 3443 2218 3484 ς

130 3505 161 3549 5
191 3509 240 3549 et
274 3504 409 3550 tellus
436 3504 673 3551 ccViviani
708 3508 754 3550 et
780 3505 932 3550 Medic
959 3504 1114 3549 Burm
1281 3504 1312 3549 6
1339 3502 1492 3549 uultus
1523 3519 1558 3548 α
1730 3506 1755 3549 7
1785 3503 1911 3548 rudis
1948 3501 2218 3558 digestaque

132 3577 249 3627 (corr
275 3575 368 3628 m2)
396 3589 423 3620 ε
451 3576 481 3620 8
509 3589 582 3619 om
611 3590 647 3619 α
667 3575 960 3632 coniestaque
990 3576 1082 3629 (sic)
1114 3587 1142 3619 e
1168 3562 1363 3628 edodem
1394 3588 1421 3619 ε
1450 3588 1580 3632 cong.
1612 3576 1659 3618 in
1678 3587 1819 3619 unum
1850 3588 1878 3629 ς
2066 3572 2096 3616 9
2125 3570 2215 3614 dis-

134 3643 276 3690 sortia
303 3645 378 3690 He
529 3645 585 3691 10
611 3645 759 3691 adhuc
785 3651 916 3704 tytan
945 3660 1010 3702 pr.
1034 3646 1062 3690 l.
1092 3645 1263 3690 mundo
1293 3658 1322 3690 e
