2580 4088
659 257 796 302 Liber
823 258 858 302 l.
888 257 981 302 fab.
1018 261 1181 302 10——14
1212 271 1252 302 u.
1287 256 1423 302 Liber
1451 257 1509 301 11.
1540 258 1633 302 fab.
1669 263 1704 302 1.
2134 260 2235 307 637

1034 752 1247 805 LIBER
1283 753 1352 805 II.

274 906 301 958 Ι
340 906 622 974 Phaethon,
661 905 795 959 Solis
832 908 885 959 et
921 906 1202 974 Clymenae
1238 908 1390 972 filius,
1426 908 1645 961 fulmine
1683 908 1831 962 ictus

247 991 302 1043 II
337 991 582 1044 Heliades
637 1006 833 1044 sorores
879 993 1041 1059 Aegle
1092 992 1360 1061 Lampetie
1404 992 1611 1046 Phoebe
1663 993 1719 1045 in
1773 994 1981 1047 arbores
2036 993 2235 1046 scilicet

335 1075 563 1144 populos

6 1196 11 1209 .
78 1176 105 1216 5
222 1159 303 1212 111
339 1160 606 1214 Lacrimae
644 1175 823 1213 earum
858 1162 913 1213 in
951 1162 1216 1215 electrum.

197 1244 306 1298 IIII
343 1245 568 1314 Cygnus,
607 1245 840 1299 Stheneli
876 1247 1030 1311 filius,
1070 1247 1322 1314 Ligurum
1358 1262 1461 1309 rex,
1497 1246 1550 1298 in
1588 1262 1738 1299 avem
1776 1248 1858 1300 sui
1894 1248 2134 1301 nominis,

259 1331 303 1382 V
340 1329 566 1394 Callisto,
604 1330 859 1398 Lycaonis
895 1331 1017 1396 filia,
1053 1332 1109 1384 in
1146 1347 1338 1384 ursam.

220 1414 292 1467 VI
329 1415 628 1483 Eademque
666 1431 786 1468 cum
821 1416 927 1469 filio
964 1417 1163 1469 Arcade
1202 1432 1233 1468 a
1268 1416 1388 1469 Iove
1426 1417 1480 1468 in
1517 1415 1787 1469 sideribus.

193 1500 292 1553 VII
329 1500 522 1554 Corvus
559 1499 782 1554 volucris
819 1501 966 1554 initio
1003 1501 1269 1565 candidus,
1308 1501 1492 1553 deinde
1529 1501 1586 1552 in
1622 1502 1848 1568 nigrum.

52 1598 100 1640 10
169 1585 299 1638 VIII
335 1585 562 1650 CoroniS,
598 1585 812 1640 Coronei
848 1585 971 1650 filia,
1007 1587 1062 1638 in
1100 1602 1248 1639 avem
1286 1585 1564 1638 cornicem.

134 1670 294 1723 VIIII
332 1671 655 1738 Nyctimene,
693 1670 1041 1738 Nyctei2filia,
1081 1671 1136 1722 in
1172 1675 1432 1723 noctuam.

242 1755 295 1807 X
334 1757 544 1824 Ocyrce.
581 1755 816 1810 Chironis
855 1755 1087 1808 centauri
1122 1756 1243 1820 filia,
1280 1756 1334 1807 in
1372 1770 1577 1822 equam.

221 1840 299 1893 XI
333 1841 539 1905 BattuS,
574 1840 723 1893 Nelei
759 1841 912 1900 filius,
946 1841 1182 1905 ruricola,
1218 1842 1274 1893 in
1310 1856 1508 1893 saxum.

202 1926 305 1980 XII
342 1927 611 1993 Aglaurus
649 1925 889 1994 Cecropis
925 1925 1048 1992 filia,
1083 1926 1139 1978 in
1176 1926 1420 1994 lapidem.

49 2024 96 2065 15
166 2009 299 2064 XIII
332 2010 576 2079 Iuppiter,
622 2009 833 2063 Saturni
872 2012 924 2063 et
962 2009 1087 2078 Opis
1122 2009 1278 2070 filius,
1317 2009 1383 2062 ad
1419 2010 1683 2078 Europam
1718 2009 1774 2061 in
1810 2011 2036 2063 taurum.

274 2109 536 2177 Clymene,
592 2109 785 2163 Oceani
840 2111 893 2162 et
939 2109 1173 2162 Thetidis
1219 2109 1342 2172 filia,
1393 2125 1515 2161 cum
1561 2108 1944 2162 Phaethontem
1994 2125 2055 2162 ex
2105 2110 2222 2164 Sole
2244 2122 2327 2172 fab
2354 2120 2380 2162 1

131 2197 438 2262 conceptum
474 2195 739 2262 genuisset
787 2198 839 2248 et
887 2196 943 2247 in
989 2195 1222 2248 adultam
1263 2195 1587 2263 perduxisset
1622 2196 1871 2259 aetatem,
1921 2195 2125 2248 monuit
2169 2207 2227 2248 ut

129 2282 329 2349 patrem
366 2282 709 2347 cognosceret.
759 2281 849 2348 qui
884 2280 1160 2333 infeliciter
1195 2295 1496 2348 progressus
1534 2279 1601 2332 ad
1625 2281 1881 2333 orientem
1912 2280 2090 2334 Solem
2114 2296 2227 2348 per·

129 2367 272 2420 venit
307 2367 618 2433 agnitusque
656 2368 736 2418 est
773 2367 838 2418 ab
878 2382 937 2418 eo
975 2382 1065 2434 per
1101 2366 1309 2419 conubii
1344 2364 1562 2426 indicia3
1598 2381 1952 2433 accensusque
1993 2368 2225 2434 agitandi

0 2421 3 2508 l
43 2466 93 2507 20
129 2468 309 2506 currus
349 2467 536 2516 amore,
575 2467 730 2518 quem
769 2453 1014 2518 quattuor
1049 2452 1171 2518 equi
1208 2450 1411 2518 PyroiS,
1451 2450 1607 2509 Eous,
1646 2450 1853 2503 Aethon
1892 2465 1954 2503 ac
1992 2452 2224 2521 Phlegon

0 2538 2 2550 '
129 2537 473 2591 adsueverant
508 2537 726 2602 trahere,
767 2536 856 2588 diu
893 2536 1176 2604 expetitum
1214 2551 1424 2588 currum
1460 2535 1659 2603 accepit
1696 2537 1750 2588 et
1786 2551 1817 2589 a
1842 2538 2223 2603 praeministris

0 2612 4 2731 ,ι
267 2662 418 2719 explic
446 2662 562 2706 liber
586 2662 757 2717 primus
786 2660 1011 2716 incipiunt
1040 2658 1238 2714 capitula
1265 2658 1370 2704 libri
1389 2659 1576 2705 secundi
1604 2660 1626 2704 i
1650 2674 1728 2717 my
1759 2661 1898 2706 iuxta
1917 2661 1947 2705 1
1968 2663 2054 2707 747
2081 2666 2222 2717 (unus

0 2750 17 2788 ι,
126 2747 280 2778 versus
319 2747 476 2778 erasus·
511 2733 564 2777 in
600 2735 748 2783 textu)
781 2744 856 2784 m,
898 2733 1154 2787 sequuntur
1196 2730 1360 2775 ibidem
1400 2732 1452 2775 in
1490 2734 1621 2775 textu
1658 2732 1791 2776 tituli
1817 2732 2085 2788 fabularum
2117 2733 2224 2778 libri

0 2794 12 2812 '¹
125 2805 324 2855 secundi,
354 2807 406 2849 at
425 2807 536 2860 post
563 2802 599 2847 I
622 2804 709 2848 779
738 2817 818 2846 nec
848 2802 1013 2847 titulus
1042 2815 1122 2846 nec
1149 2802 1354 2858 spatium
1382 2802 1476 2854 (sed
1503 2803 1524 2845 i
1550 2816 1626 2859 ‘my
1644 2803 1829 2859 siynum
1850 2802 1907 2859 ÷
1926 2806 1971 2848 et
1998 2805 2221 2859 quaedam

124 2880 270 2927 erasa)
299 2875 372 2919 M
415 2875 430 2930 ΙΙ
480 2874 646 2930 Incipit
675 2873 791 2918 liber
819 2873 1044 2918 secundus
1073 2874 1194 2917 iusto
1226 2873 1316 2917 loeo
1346 2875 1466 2929 (post
1494 2873 1595 2926 779)
1617 2873 1679 2916 Ν
2008 2932 2011 2934 .

265 2945 295 2988 2
322 2945 530 2989 Phaeton
574 2944 617 2999 V,
647 2944 822 2989 Pheton
854 2944 909 2988 O
965 2945 980 2999 ΙΙ
1030 2943 1148 2988 Solis
1191 2958 1264 2988 om
1308 2944 1379 2997 (il
1411 2945 1504 2988 add
1536 2957 1584 2988 m
1617 2944 1664 2999 2)
1702 2945 1775 2988 M
1821 2944 1835 2998 ΙΙ
1887 2943 2094 2988 climinae
2138 2946 2218 2998 M,

125 3016 355 3072 clymenes
384 3016 500 3062 NV
653 3016 684 3061 3
712 3029 800 3060 sor.
832 3015 930 3059 eius
957 3015 1012 3058 N
1056 3015 1070 3070 ΙΙ
1120 3014 1240 3070 eg(ie
1260 3016 1280 3058 z·
1297 3029 1323 3058 r
1341 3029 1388 3058 m
1407 3015 1453 3067 2)
1480 3015 1561 3070 M,
1591 3016 1697 3070 egie
1728 3015 1789 3058 N
1832 3016 1847 3070 ΙΙ
1897 3015 2080 3070 iapetiae
2108 3017 2181 3060 M
2203 3017 2217 3071 it

123 3085 273 3142 poebe
305 3087 356 3129 N
528 3087 557 3130 4
585 3086 632 3129 in
660 3098 754 3141 pop
788 3086 848 3129 N
1002 3086 1032 3130 6
1060 3086 1222 3130 steleni
1251 3086 1323 3129 M
1361 3087 1376 3141 ΙΙ
1426 3086 1623 3142 ligurum
1644 3099 1725 3130 rex
1750 3086 1795 3128 O
1817 3085 1868 3137 V,
1900 3099 1974 3129 om
1994 3085 2219 3130 Muneker

126 3158 151 3201 7
172 3156 347 3214 calysto
365 3157 438 3200 M
518 3156 547 3201 8
575 3170 603 3200 a
621 3157 726 3200 ioue
754 3156 800 3199 O
820 3156 871 3212 V,
893 3170 966 3200 om
986 3156 1122 3212 vulyo
1157 3157 1172 3211 ΙΙ
1209 3156 1434 3200 sideribus
1459 3156 1520 3211 0,
1541 3156 1694 3200 sidera
1715 3156 1909 3212 Vvulyo
1995 3157 2026 3201 9
2047 3157 2150 3201 dein
2165 3159 2220 3201 N

125 3227 183 3271 10
210 3240 375 3289 corone
406 3227 467 3270 N
575 3229 630 3271 11
659 3226 903 3271 Nictinime
931 3227 1010 3281 M,
1042 3226 1326 3284 Nyctymone
1354 3227 1409 3270 N
1452 3228 1467 3283 ΙΙ
1502 3227 1635 3271 nictei
1668 3226 1766 3270 filia
1795 3227 1875 3280 M,
1907 3240 1979 3270 om
2001 3228 2060 3270 N
2083 3227 2216 3283 vulyo

124 3297 183 3341 12
211 3297 356 3355 Ocyre
382 3298 462 3354 M,
495 3297 698 3352 Ochyroe
727 3297 787 3341 N
816 3299 830 3353 ΙΙ
867 3309 1029 3353 aquam
1060 3297 1121 3340 N
1200 3297 1257 3342 13
1284 3296 1458 3341 Bathus
1487 3298 1561 3341 M
1595 3298 1610 3352 ΙΙ
1650 3297 1844 3341 ruricola
1873 3298 1940 3350 (in
1973 3300 2100 3341 textu
2130 3312 2215 3342 voa:

116 3382 293 3424 parum
313 3368 576 3424 perspicua)
605 3368 625 3411 z·
651 3381 726 3424 my
754 3367 937 3411 iteravit
964 3380 1023 3411 m

264 3439 341 3495 fab
373 3439 396 3483 Ι
455 3439 595 3483 unius
623 3453 776 3483 versus
805 3439 1051 3483 interstitio
1081 3453 1220 3494 neque
1257 3453 1447 3483 numero
1476 3452 1617 3494 neque
1647 3438 1784 3482 titulo
1812 3438 1971 3481 addito
2009 3439 2215 3493 sequitur

116 3511 227 3564 post
253 3508 288 3552 I
315 3509 400 3553 747
426 3512 469 3553 et
496 3509 657 3553 seriem
688 3510 930 3553 titulorum
962 3509 1068 3552 libri
1095 3510 1282 3553 secundi
1307 3510 1380 3554 M
1559 3509 1618 3553 16
1645 3508 1835 3552 thetidis
1866 3509 1944 3557 M,
1976 3507 2115 3554 thetis
2145 3511 2212 3563 N,

122 3579 312 3623 Tethios
342 3580 394 3633 V,
422 3580 627 3637 Tethyos
655 3580 789 3636 vulyo
839 3581 853 3635 ΙΙ
903 3579 1227 3636 phaethontem
1262 3579 1311 3635 V,
1341 3580 1607 3636 phetontem
1641 3579 1688 3621 O
1803 3579 1859 3623 18
1889 3578 1966 3635 qui
1996 3579 2215 3625 velociter

123 3649 212 3694 iter
239 3649 470 3706 ingressus
499 3651 601 3703 (coll
629 3654 722 3695 met
749 3651 785 3694 Ι
812 3651 908 3703 779)
938 3650 1092 3694 Bwrm
1248 3651 1306 3695 20
1334 3650 1524 3707 pyrchis
1552 3650 1630 3706 M,
1660 3650 1803 3705 pirois
1835 3650 1895 3704 N,
1927 3663 2100 3707 pyrous
2130 3651 2175 3696 V
2198 3654 2211 3706 {i

122 3733 207 3764 eus
224 3721 284 3764 N
314 3721 329 3775 ΙΙ
364 3720 594 3776 phegeton
609 3722 662 3765 N
748 3721 805 3765 21
827 3722 1074 3778 expetitum
1091 3735 1266 3766 currum
1282 3722 1359 3775 M,
1379 3721 1622 3777 expetitam
1641 3722 1821 3765 ueniam
1838 3721 1901 3775 N,
1917 3721 2109 3776 petitum
2127 3734 2161 3765 c.
2177 3721 2218 3764 V
