2528 4088
250 2323 276 2357 ξ

304 208 398 247 XVI

303 366 433 401 suas
463 353 822 414 propriasque
857 365 968 400 non
1006 350 1193 408 malas,
1242 350 1302 412 cf
1328 349 1411 397 IX
1442 349 1549 397 422
1583 349 1795 399 Iasonia
1833 363 1982 398 ceres
2017 347 2282 412 (proxime
2316 351 2392 402 ad

307 435 530 498 verum),
567 436 624 485 X
644 437 751 485 402
786 436 945 484 traxit
980 433 1064 498 (cf
1079 435 1140 482 II
1162 435 1263 483 753
1298 434 1384 482 XI
1407 432 1547 494 709),
1585 434 1642 482 X
1661 434 1767 484 536
1803 434 1934 483 Fine
1971 449 2160 498 genus.

451 521 614 571 Venio
634 535 781 570 nunc
804 522 877 570 ad
900 521 1122 570 classem
1143 519 1203 568 X
1200 557 1209 567 .
1267 518 1372 567 hac
1391 519 1632 568 dicebam
1654 520 1918 569 contineri
1933 521 2174 583 exempla
2194 522 2387 570 carmi·

306 608 394 656 nis
418 608 552 655 satis
575 606 762 666 multa,
791 620 929 667 quae
954 619 1111 654 curas
1135 605 1355 653 editoris
1381 603 1526 652 illius
1553 605 1743 654 veteris
1767 619 1879 654 non
1901 619 2083 668 passa,
2113 606 2385 669 vulgatam

309 693 569 741 orationis
598 692 834 754 formam
873 690 1197 749 exhibentia,
1235 689 1608 752 neyleyentius
1619 685 1665 751 1)
1689 691 1743 739 et
1761 690 2084 753 plerumque
2107 705 2140 740 a
2162 693 2389 754 privatis

306 777 624 826 hominibus
658 778 872 838 scripta,
914 777 974 824 ut
1008 776 1175 835 erant,
1224 774 1293 823 ab
1330 775 1558 836 antiquo
1593 789 1726 824 aevo
1763 777 1989 825 exeunte
2023 777 2190 825 aetati
2225 776 2387 826 Caro-

309 862 536 926 linyicae
562 862 754 911 tradita
780 863 925 910 sunt.
976 875 1055 920 ea,
1095 861 1156 909 ut
1192 873 1332 921 quae
1368 861 1549 909 essent
1582 862 1723 910 certa
1763 860 1877 923 leye
1911 861 2107 922 soluta,
2147 861 2390 911 licentiae

306 949 360 996 et
411 947 780 1010 neyleyentiae
829 946 1007 1009 plena,
1059 945 1234 1008 fuisse
1288 946 1341 993 et
1394 945 1655 994 deteriora
1699 947 1754 994 et
1797 946 1936 995 inter
1968 959 2028 995 se
2065 946 2181 1009 ipsa
2218 945 2391 996 multo

304 1033 480 1095 mayis
506 1033 713 1081 diversa
742 1046 903 1092 quam
931 1045 1009 1091 ea,
1037 1043 1176 1092 quae
1199 1033 1330 1079 sunt
1347 1030 1590 1093 familiae
1612 1029 1676 1091 Ο,
1697 1031 1860 1094 facile
1885 1031 2225 1095 intellegitur.
2265 1045 2392 1082 cave

309 1113 486 1166 tamen
527 1118 692 1166 libros
728 1116 897 1165 huius
933 1116 1121 1164 classis
1145 1114 1206 1164 X
1216 1115 1382 1177 plane
1416 1129 1657 1178 spernas
1708 1130 1836 1165 nam
1877 1117 2000 1177 quis
2035 1118 2210 1180 neget,
2247 1130 2389 1178 eum,

309 1203 559 1263 quisquis
588 1201 714 1264 fuit,
767 1201 865 1262 qui
900 1214 1113 1249 carmen
1169 1201 1509 1260 recensuerit,
1566 1200 1805 1260 ediderit,
1863 1202 2263 1251 commentariis
2307 1202 2390 1251 in-

305 1288 573 1346 struxerit,
610 1287 780 1335 errori
814 1286 1109 1334 obnoxium
1149 1285 1362 1349 fuisse?
1434 1299 1501 1334 en
1550 1285 1803 1334 lectiones
1846 1285 2058 1346 aliquot
2101 1299 2254 1335 veras
2295 1300 2389 1350 qe-

307 1373 629 1433 nuinasque,
670 1385 807 1433 quas
845 1371 1103 1420 debemus
1138 1371 1244 1419 soli
1277 1370 1356 1419 X:
1400 1370 1484 1418 IV
1515 1370 1621 1418 143
1659 1369 1957 1431 carissime,
2007 1370 2090 1420 IV
2118 1371 2226 1420 198
2260 1373 2392 1422 tem-

306 1456 504 1521 perius,
542 1455 624 1505 IV
658 1457 760 1505 792
794 1456 1029 1516 alternis,
1072 1456 1121 1504 V
1150 1456 1251 1504 151
1285 1455 1655 1519 impugnante,
1695 1455 1744 1503 V
1765 1455 1871 1504 314
1902 1455 2173 1516 cedemus,
2215 1456 2265 1506 V
2285 1455 2394 1507 558

305 1542 495 1602 remis,
557 1542 686 1590 VIII
726 1542 798 1590 85
844 1541 1020 1602 fatali,
1065 1541 1194 1590 VIII
1224 1542 1294 1590 87
1339 1541 1506 1590 habet
1539 1540 1616 1602 X,
1679 1540 1809 1590 VIII
1839 1536 2079 1590 340l402
2120 1541 2290 1591 habet
2321 1539 2390 1602 X,

305 1627 390 1676 IX
410 1628 517 1676 348
541 1628 771 1687 seruato,
809 1627 894 1675 IX
914 1627 1021 1675 668
1044 1628 1264 1687 mutata,
1302 1626 1386 1675 IX
1410 1626 1513 1674 718
1536 1640 1635 1689 par
1659 1627 1808 1675 aetas
1845 1640 1944 1689 par
1980 1626 2171 1687 forma,
2208 1626 2265 1676 X
2285 1626 2393 1677 169

307 1714 549 1772 eurotan,
587 1711 643 1760 X
675 1712 783 1760 345
819 1726 1051 1775 sperare,
1088 1711 1144 1759 X
1175 1712 1281 1760 493
1317 1711 1358 1759 it
1394 1711 1468 1771 in,
1512 1711 1626 1759 XII
1656 1711 1763 1759 108
1797 1711 1983 1772 ualuit,
2028 1711 2143 1761 XII
2171 1712 2279 1762 470
2313 1711 2391 1762 fe—

306 1797 469 1858 mina,
516 1797 657 1845 XIII
686 1797 792 1845 374
830 1797 950 1860 capi
986 1796 1255 1856 faciendo,
1293 1796 1434 1845 XIII
1464 1797 1570 1845 464
1606 1796 1891 1859 gemenda,
1927 1796 2071 1846 XIII
2101 1797 2207 1846 607
2242 1811 2390 1858 uera,

307 1882 447 1930 XIII
481 1882 582 1931 700
628 1895 778 1942 aere,
833 1881 974 1930 XIII
1009 1882 1110 1930 726
1159 1881 1485 1945 expositum,
1544 1880 1686 1929 XIII
1720 1882 1822 1930 794
1860 1881 2061 1944 pomis,
2114 1881 2258 1931 XIII
2285 1882 2394 1932 849

306 1967 473 2016 habet
500 1966 567 2026 X,
605 1966 741 2015 XIV
768 1966 876 2015 215
911 1966 1109 2026 moriri,
1145 1966 1280 2014 XIV
1296 1966 1402 2014 254
1441 1966 1792 2028 stetimusque
1829 1966 1903 2027 in,
1940 1966 2077 2015 XIV
2093 1967 2200 2016 286
2237 1965 2392 2017 Clau-

308 2052 405 2101 dor
440 2052 588 2111 hara,
627 2051 762 2099 XIV
791 2052 891 2099 421
932 2051 1067 2100 haec
1112 2052 1309 2111 tamen,
1357 2051 1494 2100 XIV
1521 2051 1628 2099 557
1679 2050 1886 2111 naides,
1931 2051 2067 2100 XIV
2095 2051 2196 2101 641
2243 2053 2391 2116 pote-

306 2140 503 2186 rentur.
554 2137 707 2196 aliae,
748 2138 808 2184 ut
839 2137 1008 2185 V267
1035 2136 1304 2198 studiique
1341 2135 1570 2198 locique,
1610 2149 1943 2197 quamquam
1982 2137 2166 2186 minus
2202 2138 2390 2198 certae,

310 2225 486 2271 tamen
528 2223 783 2270 venustae
818 2223 963 2282 sunt,
1002 2222 1062 2284 cf
1089 2222 1149 2271 N
1164 2221 1316 2270 Jhbb
1356 2222 1512 2281 1894,
1551 2221 1752 2282 192sq.

443 2307 910 2369 Fraqmentum
957 2307 1168 2355 musei
1202 2307 1608 2366 Britannici,
1657 2308 1993 2355 servatum
2044 2307 2110 2354 in
2160 2306 2396 2356 codice

304 2392 673 2441 Harleiano
722 2391 877 2440 2610.
955 2392 1183 2440 contulit
1226 2386 1484 2452 REllis2).
1561 2391 1751 2440 insunt
1793 2391 1994 2440 Metam
2043 2391 2231 2440 I—III
2271 2392 2392 2441 622.

305 2479 538 2540 scriptus
594 2479 689 2537 est,
744 2478 822 2525 ait
873 2478 955 2525 vir
1005 2477 1366 2536 doctissimus,
1424 2476 1591 2525 codex
1644 2477 1870 2524 exeunte
1920 2476 2037 2539 fere
2081 2476 2297 2526 saeculo
2339 2476 2399 2525 X

306 2564 500 2628 [immo
524 2563 610 2611 XI
642 2564 875 2622 ineunte,
915 2562 974 2625 cf
1002 2562 1238 2610 Ehwald
1273 2562 1293 2611 l
1317 2576 1344 2610 c
1365 2577 1405 2624 p
1442 2559 1575 2623 181]
1613 2562 1668 2609 in
1708 2560 2026 2622 Germania,·
2060 2563 2200 2611 certe
2234 2561 2269 2610 I
2286 2561 2395 2610 298

304 2661 469 2709 super
511 2647 693 2696 vineta
741 2649 999 2710 scriptum
1046 2649 1128 2696 est
1169 2647 1371 2708 eadem,
1431 2648 1492 2695 ut
1546 2647 1769 2705 videtur,
1826 2660 1994 2695 manu
2047 2646 2296 2696 winstete
2340 2648 2395 2696 et

303 2733 337 2780 I
366 2733 471 2780 303
517 2747 683 2795 super
727 2733 1035 2796 agitataque
1081 2733 1275 2782 robora
1325 2732 1658 2795 ‘getribenen
1705 2720 1901 2783 bssma’.
1985 2731 2152 2780 codex
2196 2731 2293 2792 est,
2344 2731 2396 2780 si

306 2818 750 2880 orthographiam
795 2820 1021 2880 spectas,
1081 2819 1220 2867 inter
1261 2819 1495 2880 optimos
1531 2815 1615 2881 (cf
1642 2817 1779 2867 Ellis
1817 2817 1836 2866 l
1872 2831 1900 2865 c
1931 2831 1971 2879 p
2014 2814 2094 2878 V),
2141 2815 2299 2877 idem,
2343 2817 2396 2865 si

308 2905 517 2964 spectas
553 2903 835 2953 historiam
876 2905 1066 2964 textus,
1108 2905 1169 2952 ut
1205 2903 1365 2966 lonye
1399 2903 1816 2964 antiquissimus
1842 2902 2086 2951 omnium
2113 2901 2389 2961 librorum,

309 2989 405 3049 qui
439 2989 513 3037 ad
547 2989 770 3037 classem
809 2988 868 3037 X
897 2990 1137 3049 redeunt,
1193 2990 1383 3052 mayni
1419 2988 1595 3050 pretii.
1673 2987 1826 3036 valde
1881 2987 2049 3049 iyitur
2097 2985 2388 3036 dolendum

306 3075 388 3121 est
432 3075 641 3134 partem
691 3074 863 3122 multo
911 3075 1169 3123 maiorem
1219 3075 1337 3123 eius
1380 3074 1602 3136 perisse.
1677 3074 1731 3122 et
1765 3072 1933 3121 habet
1984 3071 2198 3132 aliquot
2243 3071 2388 3120 lecti-

307 3171 437 3206 ones
472 3159 741 3220 yenuinas
789 3160 843 3207 in
885 3157 935 3208 0
972 3161 1252 3221 corruptas
1298 3161 1359 3208 ut
1391 3158 1426 3207 I
1459 3159 1560 3207 747
1596 3157 1838 3220 linigera,
1894 3156 1955 3205 II
1985 3156 2092 3205 128
2125 3155 2388 3216 uolenteS,

304 3242 488 3291 11284
526 3243 694 3292 oculis
731 3245 938 3292 tantum
977 3246 1184 3293 tantum
1222 3258 1400 3308 super,
1437 3243 1499 3292 II
1517 3243 1622 3291 436
1649 3256 1826 3305 quem,
1864 3240 1925 3289 II
1943 3242 2049 3290 476
2086 3239 2386 3290 aduersam.

453 3398 492 3443 1)
522 3397 839 3436 Verwahrloste
885 3397 1240 3447 Leseexemplare
1286 3397 1473 3436 audiunt
1514 3397 1610 3435 eius
1653 3395 1775 3434 modi
1802 3394 1998 3444 exempla
2028 3394 2149 3444 apud
2174 3394 2387 3434 ENorden

307 3467 409 3505 Einl
438 3467 482 3506 in
512 3467 543 3506 d
569 3467 848 3507 Altertumsw
877 3468 902 3505 I
927 3468 1023 3506 555.

450 3538 491 3586 2)
522 3538 741 3577 Anecdota
774 3537 1046 3578 Oxoniensia.
1087 3538 1292 3577 Classical
1318 3538 1472 3577 Series.
1506 3536 1583 3575 Vol
1608 3536 1630 3574 I
1670 3536 1776 3575 Part
1801 3536 1843 3582 5,
1870 3546 1903 3585 p
1925 3535 2076 3574 1—15.
2109 3535 2158 3585 cf
2168 3534 2392 3574 REhwaId

306 3608 396 3647 Jhb
422 3609 449 3658 f
462 3608 503 3647 cl
521 3608 635 3647 Altw
663 3609 809 3647 XLIII
835 3608 966 3657 (1885
995 3609 1069 3660 II),
1102 3609 1186 3648 180
1200 3621 1264 3658 sq.
1326 3610 1417 3659 ipse
1447 3609 1500 3647 de
1525 3618 1552 3648 ε
1581 3607 1807 3656 disputavi
1818 3605 2110 3652 BFhW1885,
2139 3605 2202 3656 Sp
2218 3605 2388 3655 1160sq

308 3681 353 3717 et
379 3678 538 3718 NJhbb
568 3680 693 3726 1893,
727 3681 820 3727 629,
850 3681 939 3726 sed,
971 3682 1021 3718 ut
1048 3691 1165 3718 nunc
1194 3681 1393 3725 concedo,
1421 3678 1571 3729 paullo
1602 3678 1806 3727 iniquius.
