2580 4088
0 780 3 789 r

0 816 12 833 Γ

0 988 9 1006 2—

714 196 852 242 Liber
878 196 957 243 IV.
986 196 1080 243 fab.
1108 200 1163 242 20
1193 202 1241 243 et
1268 195 1406 242 Liber
1432 196 1487 242 V.
1516 195 1610 242 fab.
1644 199 1681 240 1.
2137 199 2239 247 653

1044 509 1256 562 LIBER
1290 508 1353 562 V.

299 661 328 714 I
363 661 593 716 Phineus
629 664 684 715 et
720 662 843 715 socii
883 663 993 716 eius
1030 664 1085 716 in
1122 681 1319 718 saxum.

271 745 327 799 11
362 746 666 816 Polydectes
703 747 759 799 in
795 747 1038 815 lapidem.

251 830 333 884 ΠΙ
369 831 550 884 Musae
585 831 640 883 in
678 846 813 884 aves,

112 925 136 965 5
217 915 328 970 1111
363 915 538 984 Cyane
574 916 629 968 in
666 915 878 970 fontem.

281 1000 330 1052 V
368 999 536 1053 Steles
570 1015 698 1068 puer
733 1001 790 1053 in
825 1001 1089 1054 lacertam.

250 1085 327 1137 VI
363 1085 687 1154 Ascalaphus
723 1086 778 1138 in
815 1086 1091 1139 bubonem.

227 1169 332 1223 VII
369 1169 579 1223 Sirenae
617 1185 679 1223 ex
713 1172 858 1239 parte
896 1171 952 1223 in
990 1186 1124 1224 aveS.

193 1253 325 1307 VIII
362 1255 623 1308 Arethusa
657 1255 712 1308 in
749 1254 959 1309 fontem.

0 1298 6 1300 >
76 1348 125 1390 10
176 1337 336 1391 VIIII
370 1339 608 1408 Lyncum
643 1355 819 1407 regem
855 1340 910 1392 in
945 1339 1167 1409 lyncem.

14 2277 29 2418 ἓ

275 1423 326 1476 Χ
360 1423 591 1477 Pierides
628 1424 683 1476 in
719 1425 876 1493 picas.

298 1508 679 1577 Andromedan,
715 1508 907 1578 Cephei
946 1511 998 1562 et
1031 1509 1302 1578 Cassiopes
1338 1508 1515 1575 filiam,
1539 1508 1594 1561 in
1619 1508 1894 1576 Aethiopia
1929 1508 2245 1576 propositam
2265 1527 2347 1578 fae,
2375 1524 2401 1567 1

157 1592 342 1646 beluae
398 1594 628 1646 marinae
673 1593 917 1655 Perseus,
968 1592 1104 1647 Iovis
1149 1596 1202 1647 et
1246 1594 1453 1646 Danaes
1495 1593 1656 1657 filius,
1699 1593 1951 1646 Medusae
1992 1591 2248 1659 Gorgonis

160 1679 318 1744 caput
358 1676 529 1731 ferens
571 1678 851 1746 paciscitur
896 1679 1193 1746 coniugem,
1238 1679 1284 1731 si
1327 1693 1443 1731 eam
1485 1678 1714 1747 periculo
1748 1678 2037 1731 liberasset.
2087 1692 2245 1730 causa

77 1768 125 1810 15
160 1763 338 1815 autem
382 1763 767 1831 prostituendae
812 1764 1079 1817 exstiterat
1123 1764 1187 1817 ob
1224 1763 1510 1817 Nereidum
1552 1763 1707 1825 iram,
1753 1778 1974 1831 quarum
2020 1761 2246 1830 pulchri-

158 1845 329 1899 tudini
381 1849 550 1901 mater
592 1864 647 1901 se
691 1847 1023 1917 praetulerat.
1080 1847 1311 1917 perfecto
1353 1848 1513 1916 igitur
1556 1863 1589 1901 a
1623 1848 1813 1901 Perseo
1856 1848 2086 1916 pollicito
2123 1862 2245 1900 cum

154 1930 285 1985 fides
337 1933 592 2001 promissa
646 1949 678 1986 a
721 1933 926 2002 Cepheo
982 1935 1120 1987 esset
1162 1933 1412 2002 praestita
1454 1935 1508 1986 et
1549 1933 1851 2003 nuptiarum
1895 1931 2245 1999 coniugalium

158 2015 324 2084 epulis
377 2017 641 2085 regalibus
694 2018 950 2087 principes
1004 2019 1330 2084 interessent,
1384 2018 1628 2083 Phineus,
1677 2017 1871 2084 Cephei
1924 2017 2105 2078 frater,
2160 2015 2246 2068 cui

158 2101 489 2156 Andromeda
524 2107 640 2156 ante
678 2103 989 2172 desponsata
1026 2102 1210 2168 fuerat,
1246 2103 1617 2156 contumeliam
1653 2103 1755 2156 sibi
1790 2103 2093 2156 existimans
2130 2116 2245 2169 gra-

73 2193 122 2235 20
156 2185 424 2239 vissimam
465 2187 779 2251 iniunctam,
835 2188 972 2256 quod
1015 2188 1243 2241 advenae
1286 2188 1700 2256 consanguineus
1733 2187 2055 2256 postpositus
2093 2187 2244 2251 esset,

158 2270 482 2325 vescentium
518 2273 719 2326 animos
754 2288 931 2342 pugna
966 2271 1213 2326 confudit.
1270 2274 1323 2325 et
1366 2288 1487 2325 cum
1522 2288 1606 2326 res
1642 2272 1956 2325 miserabilis
1994 2271 2245 2324 dimican-

157 2355 293 2409 tium
328 2358 567 2424 ageretur
601 2358 656 2410 in
691 2358 836 2426 regia
872 2372 933 2411 ac
967 2358 1121 2410 multi
1157 2373 1219 2411 ex
1256 2359 1475 2425 utraque
1511 2359 1657 2426 parte
1694 2357 1875 2421 armis,
1920 2372 2054 2425 quae
2091 2371 2244 2409 casus

160 2439 455 2508 obtulisset,
511 2442 841 2506 cecidissent,
899 2442 1179 2495 novissime
1217 2441 1438 2495 Perseus
1485 2442 1800 2510 praetimens
1851 2441 2246 2495 multitudinem

158 2524 569 2580 adversariorum
604 2527 898 2596 imperavit,
954 2528 1016 2580 ut
1057 2527 1383 2580 discederent
1424 2543 1486 2580 ex
1522 2528 1802 2595 conspectu
1838 2527 1942 2591 sui,
1987 2527 2245 2595 caputque

296 2680 412 2725 iiber
452 2681 637 2737 quintus
665 2681 745 2734 M,
790 2680 906 2726 iiber
943 2681 1126 2738 quintus
1164 2681 1323 2737 incipit
1352 2682 1398 2738 β,
1444 2681 1571 2738 Inois>
1617 2679 1680 2724 lib
1710 2647 1754 2725 θ
1782 2683 1893 2736 post
1931 2679 2090 2724 titulos
2119 2680 2180 2723 N
2222 2680 2239 2734 ιι

157 2764 372 2795 numeros
402 2751 641 2796 titulorum
670 2766 743 2796 om
774 2754 834 2797 N
956 2752 985 2796 2
1017 2752 1128 2796 socii
1157 2753 1254 2796 eius
1283 2750 1597 2808 transfigurati
1626 2752 1673 2794 in
1702 2765 1736 2795 s.
1768 2752 1828 2795 N
1933 2750 1964 2796 3
1991 2749 2246 2794 Polidectes

158 2822 193 2879 β
219 2821 266 2866 O
349 2822 379 2867 6
409 2822 553 2867 Steles
583 2823 616 2879 β
636 2823 706 2866 Μ
723 2824 777 2876 V,
808 2837 881 2867 om
911 2824 979 2879 N,
1012 2822 1173 2868 Stelles
1201 2823 1336 2879 vulyo
1431 2825 1456 2868 7
1485 2823 1533 2866 in
1563 2835 1694 2867 auem
1726 2821 1833 2866 bub.
1865 2823 1925 2866 N
2019 2821 2048 2865 8
2077 2821 2246 2865 Sirenae

156 2894 213 2950 V,
242 2893 396 2939 Sirene
426 2894 473 2950 β,
505 2892 678 2957 Syrenq
705 2894 785 2947 M,
819 2893 998 2938 Sirenes
1025 2895 1085 2938 N
1190 2895 1248 2938 10
1275 2894 1463 2939 Lincum
1495 2895 1529 2951 β
1554 2893 1600 2937 Ο
1649 2893 1663 2949 ΙΙ
1714 2893 1875 2937 lincem
1904 2893 1971 2946 N,
2001 2892 2167 2936 lincam
2198 2892 2245 2948 β,

158 2963 322 3008 lineam
353 2964 449 3020 (sic)
479 2965 550 3007 Μ
631 2967 686 3008 11
714 2966 844 3021 picos
866 2965 926 3008 N

300 3035 465 3079 titulus
493 3035 677 3091 fabulae
705 3049 799 3080 non
826 3035 1114 3091 praepositus
1144 3036 1263 3092 βΜ
1400 3036 1458 3080 12
1489 3034 1814 3080 Andromedan
1843 3034 1923 3086 M,
1953 3048 2025 3078 om
2055 3034 2121 3085 N,
2152 3046 2247 3077 non

159 3107 336 3149 constat
353 3106 408 3148 dc
428 3106 476 3163 β,
506 3106 806 3150 Andromeda
836 3106 890 3159 V,
920 3105 1265 3151 Andromedam
1285 3106 1416 3164 vulgo
1501 3107 1560 3152 13
1588 3106 1710 3151 uelte
1737 3119 1848 3150 mar.
1878 3106 1938 3150 N
2018 3105 2075 3148 14
2103 3103 2246 3159 pacis-

1048 3162 1282 3198 obiciendae2

158 3204 272 3248 citur
299 3205 359 3248 N
370 3205 422 3258 V,
459 3205 656 3260 pascitur
685 3205 718 3261 β
738 3204 810 3247 Μ
890 3205 948 3248 15
965 3206 1305 3260 prostituendae
1323 3206 1395 3249 M
1475 3206 1588 3261 158q
1616 3203 1950 3261 pulchritudine
1971 3204 2029 3247 N
2061 3203 2075 3258 ΙΙ
2104 3207 2248 3246 mater

158 3286 232 3318 om
260 3277 370 3326 (aser
396 3278 472 3328 m)
494 3276 528 3331 β
547 3275 592 3319 O
685 3276 743 3320 16
762 3275 823 3331 ig.
854 3288 882 3319 a
910 3275 1079 3320 Perseo
1117 3276 1163 3322 V
1185 3277 1332 3333 wlyo,
1361 3277 1424 3333 ig.
1459 3289 1621 3333 perseo
1650 3276 1729 3329 M,
1760 3275 1822 3331 ig.
1852 3287 2038 3330 perseus
2069 3274 2103 3329 β
2123 3274 2182 3317 N
2229 3274 2245 3326 11

159 3359 224 3388 an
250 3344 330 3389 hoc
359 3359 512 3390 verum
541 3349 586 3390 et
617 3346 780 3390 lacuna
809 3347 1052 3390 statuenda
1079 3347 1142 3391 sit
1161 3346 1318 3392 dubito
1403 3349 1458 3393 17
1489 3347 1690 3403 cheopeo
1710 3347 1769 3390 N
1854 3344 1911 3388 18
1940 3342 2150 3400 phyneus
2170 3342 2204 3398 β
2234 3341 2250 3396 [Ι

160 3414 343 3471 Cephei]
374 3417 438 3459 sic
466 3417 500 3473 β
527 3416 640 3468 OV,
678 3431 751 3461 om
780 3417 913 3473 wlyo
1083 3418 1142 3462 19
1171 3417 1445 3475 desponsata
1474 3419 1521 3475 β,
1567 3418 1801 3474 disposata
1830 3416 1897 3469 N,
1928 3413 2154 3470 disposita
2179 3412 2252 3455 Μ

159 3484 219 3530 20
263 3486 524 3539 iniunctam]
571 3486 670 3531 fieri
707 3487 988 3597 fflvgzzzgg,
1037 3488 1235 3533 inustam
1284 3488 1509 3533 Muncker
1706 3487 1819 3542 2lsq
1867 3486 1913 3529 vi
1962 3484 2111 3529 dimic.
2151 3484 2246 3527 Ad-

159 3598 257 3629 vers
286 3583 337 3627 X
351 3585 384 3630 8
408 3586 559 3631 Barth
608 3587 622 3642 ΙΙ
672 3587 982 3631 dimicantium
1012 3587 1083 3630 M
1114 3588 1128 3643 ΙΙ
1165 3593 1353 3643 agerent
1381 3589 1415 3645 β
1499 3587 1557 3632 23
1584 3585 1856 3642 praetimens
1886 3585 1919 3641 β
1938 3583 2004 3626 Μ
2017 3583 2070 3637 V,
2108 3583 2246 3639 perti-

160 3669 288 3700 mens
317 3658 376 3702 N
399 3660 444 3702 et
471 3672 494 3701 e
522 3657 622 3701 co‘ni
650 3657 869 3714 Micyllus
897 3658 1030 3714 vulyo
