2580 4088
742 245 827 291 Ov.
858 246 1037 291 Metam.
1067 246 1164 292 Lib.
1194 245 1253 301 X,
1283 261 1328 292 v.
1359 249 1594 292 499-538.
2104 254 2205 301 395

122 402 287 457 nuper
322 389 433 441 erat
467 387 688 455 genitus,
725 389 875 442 modo
912 388 1316 443 formosissimus
1351 388 1539 456 insane,

15 527 20 532 ,
125 472 233 525 iam
266 471 480 536 iuvenis,
516 473 623 525 iam
659 473 749 537 vir,
785 474 892 526 iam
929 489 984 527 se
1023 474 1293 528 formosior
1326 474 1438 543 ipso
1474 477 1567 539 est,

121 555 229 609 iam
265 556 436 624 placet
471 557 524 610 et
560 556 750 610 Veneri
786 558 1071 626 matrisque
1109 559 1379 612 ulciscitur
1412 559 1576 627 ignes.

123 655 349 708 namque
386 640 713 709 pharetratus
754 642 880 695 dum
919 642 1010 695 dat
1046 659 1175 712 puer
1211 644 1387 697 oscula
1422 644 1594 710 matri,
2141 658 2211 698 525

122 725 317 778 inscius
354 727 577 780 exstanti
615 727 889 780 destrinxit
926 727 1216 781 harundine
1253 730 1459 797 pectus;

123 808 266 863 laesa
299 824 461 863 manu
496 813 681 864 natum
721 813 816 864 dea
851 812 1099 879 reppulit:
1138 812 1294 866 altius
1331 815 1508 866 actum

122 893 311 948 vulnus
348 899 457 948 erat
495 896 666 964 specie
703 896 974 964 primoque
1010 896 1265 950 fefellerat
1300 898 1485 965 ipsam.

125 979 277 1047 capta
311 979 407 1032 viri
443 978 611 1034 forma
646 997 750 1034 non
787 981 895 1034 iam
933 980 1208 1049 Cythereia
1245 985 1392 1036 curat

124 1062 287 1128 litora,
323 1079 428 1117 non
464 1066 569 1119 alto
604 1066 792 1135 repetit
829 1066 1044 1134 Paphon
1082 1081 1299 1134 aequore
1338 1067 1563 1121 cinctam
2143 1077 2214 1119 530

125 1147 484 1217 piscosamque
524 1149 731 1205 Gnidon
769 1151 1137 1219 gravidamque
1175 1152 1498 1205 Amathunta
1533 1153 1787 1214 metallis;

126 1232 354 1286 abstinet
388 1236 441 1287 et
478 1235 650 1288 caelo:
690 1235 831 1288 caelo
866 1234 1155 1303 praefertur
1195 1236 1402 1290 Adonis.

125 1317 266 1370 hunc
303 1319 458 1383 tenet,
493 1319 615 1373 huic
653 1335 827 1373 comes
863 1322 944 1373 est
981 1320 1299 1389 adsuetaque
1338 1336 1540 1389 semper
1575 1322 1631 1374 in
1669 1321 1856 1374 umbra

125 1401 392 1470 indulgere
432 1404 532 1457 sibi
568 1404 892 1473 formamque
930 1420 1117 1473 augere
1156 1406 1370 1459 colendo

125 1501 218 1555 per
250 1484 387 1555 iuga,
423 1504 515 1557 per
551 1489 709 1543 silvas
748 1490 1065 1557 dumosaque
1105 1505 1227 1543 saxa
1262 1492 1480 1558 vagatur
2144 1499 2218 1539 535

126 1570 229 1624 fine
265 1587 403 1639 genu
439 1575 639 1627 vestem
674 1575 779 1627 ritu
815 1575 1081 1627 succincta
1118 1574 1316 1627 Dianae

126 1655 462 1726 hortaturque
500 1674 655 1712 canes
698 1661 945 1726 tutaeque
983 1659 1229 1711 animalia
1263 1659 1497 1727 praedae,

128 1742 220 1793 aut
254 1757 440 1810 pronos
475 1743 673 1811 lepores
712 1745 803 1796 aut
838 1744 1037 1796 celsum
1072 1743 1126 1794 in
1164 1758 1357 1796 cornua
1394 1758 1617 1807 cervum,

269 1884 348 1925 531
379 1885 637 1926 Priscianus
673 1886 704 1925 I
734 1883 808 1926 11:
846 1883 913 1924 his
950 1884 1125 1936 quidam
1162 1884 1326 1924 addunt
1363 1897 1447 1924 non
1487 1882 1843 1924 irrationabiliter
1887 1896 1930 1922 m
1960 1886 2003 1923 et
2033 1895 2082 1933 n,
2114 1883 2217 1934 quia

126 1951 246 2003 ipsae
282 1965 452 2006 quoque
489 1966 732 1996 communes
770 1954 933 1995 faciunt
972 1954 1160 2006 syllabas
1198 1959 1294 2007 post
1334 1959 1474 1995 mutas
1509 1955 1672 2007 positae
1703 1984 1714 1995 .
1746 1985 1757 1994 .
1792 1986 1801 1996 .
1832 1953 2061 1994 Ovidius
2097 1954 2143 1993 in
2172 1954 2217 1992 X

127 2025 542 2076 metamorphoseon:
574 2026 946 2077 Piscosamque
965 2025 1171 2066 Cnidon
1193 2025 1379 2076 [Gnidon
1407 2027 1510 2067 libri
1529 2027 1624 2077 fere
1652 2024 1807 2074 omnes]
1838 2024 2216 2075 gravidamque

126 2093 460 2136 Amathunta
496 2096 774 2148 [amathunda
811 2097 866 2147 R]
907 2089 1127 2138 metallis'.
1180 2095 1194 2149 ΙΙ
1245 2098 1287 2137 ib
1317 2099 1374 2138 ΙΙ
1397 2096 1477 2138 12:
1516 2109 1601 2136 non
1632 2095 1770 2136 solum
1801 2099 1899 2134 ante
1929 2096 1946 2135 1
1976 2094 2047 2134 vel
2078 2107 2111 2144 r,
2143 2095 2215 2134 sed

126 2165 256 2205 etiam
284 2174 384 2206 ante
411 2179 468 2217 m,
499 2171 548 2207 ut
578 2179 713 2219 supra
740 2154 979 2217 docuimus,
1011 2171 1053 2206 et
1082 2180 1110 2206 n
1142 2167 1308 2219 positae
1338 2171 1482 2207 mutae
1512 2166 1678 2207 faciunt
1698 2177 1941 2205 communes
1979 2196 1986 2204 .
2010 2194 2021 2205 .
2044 2194 2054 2205 .
2090 2164 2215 2205 Ovi·

123 2234 268 2276 dius:
292 2230 697 2290 ‘Piscosamque
716 2237 926 2278 Gnidon
950 2238 1142 2289 [gnidum
1162 2240 1216 2290 R,
1238 2237 1393 2278 cnidon
1414 2241 1456 2278 D
1476 2239 1564 2278 GL
1580 2237 1638 2287 Κ]
1660 2235 2047 2288 gravidamque
2066 2235 2216 2275 Ama·

123 2305 321 2347 thunta
347 2301 610 2349 metallis'
671 2306 685 2361 ΙΙ
745 2309 858 2350 Mico
887 2311 951 2349 De
981 2310 1142 2359 primis
1171 2310 1258 2360 syll
1290 2311 1338 2349 ed
1366 2310 1584 2349 Manitius
1611 2309 1884 2358 (Manchener
1913 2307 2018 2346 Mus
2037 2307 2075 2357 f
2096 2308 2160 2346 Ph
2190 2308 2217 2345 d

124 2378 330 2419 Mitoelalt
355 2381 387 2420 I
413 2378 538 2424 1911,
568 2377 666 2424 174,
696 2378 826 2430 Ilsq:
872 2378 1103 2420 Ovidius
1148 2379 1192 2418 in
1237 2379 1402 2419 decimo
1445 2379 1798 2419 metamorfoseon
1820 2370 2216 2426 ‘Piscosamque

127 2447 318 2488 cnidon
346 2450 733 2501 grauidamque
764 2462 800 2489 a.
832 2449 1109 2491 metallis'.

265 2587 352 2633 523
379 2588 478 2644 ipse
508 2594 577 2633 est
605 2601 646 2639 e,
677 2589 776 2645 ipse
804 2603 831 2645 ς
945 2587 1032 2632 525
1060 2587 1323 2644 pharetatus
1351 2588 1397 2631 12
1511 2586 1599 2632 526
1627 2599 1685 2631 ex
1705 2585 1842 2630 tantis
1874 2586 1908 2638 l,
1938 2597 1995 2629 ex
2024 2584 2141 2629 tanti
2170 2598 2216 2637 κ,

63 2699 72 2715 ,
127 2657 314 2702 instanti
343 2670 372 2702 e
400 2659 414 2715 ΙΙ
437 2658 669 2704 distrinxit
695 2675 737 2715 μ
766 2672 802 2715 9
832 2674 872 2715 ς,
904 2658 1067 2703 defixit
1085 2658 1283 2702 chrcsd
1304 2661 1348 2702 et
1367 2657 1545 2711 Tkuan,
1577 2656 1821 2702 obstrinxit
1850 2655 1895 2700 R
2010 2654 2097 2699 528
2127 2658 2215 2704 erl!

1737 2727 1781 2761 a2
1794 2725 1833 2761 e²

128 2772 191 2822 (at
218 2771 339 2827 eras)
369 2772 442 2815 M
486 2772 501 2827 ΙΙ
551 2772 721 2829 species
752 2773 1007 2829 primo(que
1035 2772 1127 2815 add
1157 2786 1204 2815 m
1234 2771 1277 2823 2)
1306 2771 1366 2814 Ν
1509 2769 1597 2815 529
1629 2768 1829 2827 cythena
1860 2768 1926 2821 N,
1957 2766 2219 2826 cythareida

126 2841 186 2898 1³3
216 2841 400 2887 citareia
429 2843 480 2895 h,
511 2842 713 2900 cytheria
741 2856 789 2897 κ,
820 2841 1018 2887 citharea
1047 2857 1101 2896 μ,
1133 2840 1365 2899 cythareia
1395 2853 1431 2895 9
1581 2839 1672 2884 530
1700 2852 1794 2883 non
1824 2838 1913 2883 alio
1942 2838 2015 2882 M
2061 2838 2075 2893 ΙΙ
2125 2837 2217 2881 Lit-

128 2916 230 2956 tora
257 2924 341 2956 nec
370 2914 535 2969 repetit
562 2912 656 2957 alto
687 2914 724 2956 Ιι
840 2913 925 2958 531
955 2913 1241 2969 piscosamve
1270 2910 1468 2967 Bentley
1496 2911 1510 2965 ΙΙ
1538 2909 1705 2953 cnidon
1726 2909 1820 2962 (sed
1839 2909 1893 2965 cf
1902 2909 1963 2952 ad
1985 2907 2217 2952 Catullum

128 2981 288 3035 36,13
311 2981 566 3034 Friedrich)
605 2997 638 3027 κ
674 2983 849 3039 aliquot
881 2998 926 3028 cc
949 2983 1185 3027 Prisciani
1214 2983 1257 3025 A
1287 2981 1484 3024 Ehwald
1520 2981 1534 3035 ss
1569 2979 1896 3036 grauidamque
1934 2978 2007 3034 (cf
2036 2978 2219 3023 Servius

128 3053 190 3096 ad
215 3052 316 3098 Aen
345 3052 412 3097 II
434 3053 503 3105 37,
548 3054 609 3097 ad
638 3053 744 3098 Hor
770 3068 794 3097 c
822 3052 889 3097 II
915 3053 982 3109 12,
1012 3054 1045 3098 5
1071 3051 1304 3103 LMu’ller)
1335 3065 1368 3095 κ
1398 3053 1435 3095 h
1464 3063 1493 3094 e
1522 3065 1550 3106 ς
1586 3050 1855 3094 Priscianus
1882 3048 2025 3101 Jahn,
2069 3049 2217 3105 graui-

130 3121 347 3180 dam(que
374 3125 466 3168 add
485 3138 531 3168 m
550 3124 594 3177 3)
623 3125 683 3178 F,
713 3124 1058 3181 grauidamque
1087 3125 1107 3168 z·
1134 3138 1160 3167 r
1189 3138 1235 3167 m
1264 3123 1308 3174 2)
1338 3123 1405 3175 N,
1435 3121 1671 3178 grauidam
1701 3133 1759 3165 ue
1786 3120 1859 3165 M
1883 3122 1903 3164 l
1932 3119 2157 3165 cchatisl
2176 3123 2220 3164 et

39 3214 50 3242 A'
130 3234 316 3281 Rhenov
346 3237 421 3282 Hs
449 3238 583 3294 vulyo
633 3239 647 3294 ΙΙ
698 3243 935 3283 amatunta
964 3252 1010 3288 κ,
1041 3236 1292 3281 amathmta
1322 3236 1400 3288 M,
1441 3239 1642 3289 ama(tun
1671 3235 1692 3278 i
1718 3249 1744 3277 r
1772 3248 1819 3277 m
1848 3233 1941 3282 2)ta
1968 3234 2029 3278 N
2063 3235 2076 3289 ΙΙ
2127 3247 2217 3278 me-

132 3348 230 3394 tani
246 3348 448 3394 ocG‘enev
466 3353 512 3395 et
530 3351 629 3395 Par
649 3350 722 3395 Hs
742 3350 876 3407 mil-qo
897 3350 1005 3394 olim
1120 3349 1207 3394 533
1236 3348 1310 3394 hic
1332 3359 1482 3392 comes
1512 3348 1567 3390 F
1662 3346 1749 3392 535
1778 3346 1931 3397 dum(o
1950 3360 2007 3390 ex
2028 3351 2218 3402 u)saque

47 3423 48 3426 ’
132 3419 212 3476 M,
241 3419 503 3476 cliuosaque
532 3435 560 3477 ς
594 3422 608 3476 ΙΙ
645 3421 808 3465 dumos
839 3426 886 3465 et
914 3433 1024 3464 saxa
1053 3434 1080 3475 ς
1120 3418 1156 3462 V
1159 3419 1202 3461 A
1342 3417 1429 3463 536
1458 3416 1569 3460 Fine
1598 3429 1719 3472 genu
1750 3419 1783 3469 (l
1811 3429 1956 3472 usque
1985 3419 2058 3472 gis
2087 3429 2219 3460 curus

132 3501 227 3533 sacr
255 3490 291 3543 l)
320 3491 392 3534 M
416 3491 472 3534 F
493 3491 514 3534 l
533 3502 579 3545 p
608 3506 635 3547 ς
655 3491 801 3547 Korn,
832 3490 944 3534 Fine
965 3502 1111 3546 genus
1132 3489 1244 3545 (fort
1265 3490 1396 3539 recte)
1427 3501 1459 3530 κ
1488 3486 1567 3542 fry
1590 3486 1701 3541 Spir
1719 3489 1765 3530 et
1782 3500 1805 3529 e
1824 3487 1927 3530 eom·
1945 3485 2033 3542 Hs,
2063 3485 2218 3542 Vsque

133 3569 254 3614 genu
282 3560 322 3604 h
350 3574 391 3616 ς,
435 3560 568 3606 Nuda
598 3574 719 3618 genu
747 3564 783 3615 (ξ
811 3561 968 3617 Vsque
996 3573 1090 3604 sscr
1119 3561 1189 3612 οἳ)
1220 3573 1280 3604 ex
1311 3559 1411 3602 Aen
1442 3556 1476 3600 I
1499 3557 1588 3601 320
1629 3572 1670 3611 μ
1700 3569 1728 3600 e
1758 3571 1785 3612 ς
1815 3556 1902 3601 RA
1931 3557 2064 3613 vulyo
2094 3557 2217 3610 olim,

134 3626 247 3674 Inde
273 3642 418 3675 uenus
446 3634 480 3684 (1
508 3644 652 3688 usque
681 3645 825 3688 genus
854 3645 949 3675 sacr
986 3646 1031 3674 m
1062 3630 1104 3679 2)
1135 3631 1201 3683 N,
1248 3642 1373 3674 crure
1411 3635 1542 3672 tenus
1578 3628 1681 3671 coni
1708 3627 1794 3677 Hs,
1838 3627 2120 3684 Nysigenum
2158 3628 2218 3671 ad

7 3714 10 3715 ⁷
135 3697 222 3743 Cat
239 3713 278 3755 p
307 3700 390 3744 221
421 3701 661 3747 IsVoseius
789 3702 875 3747 538
902 3714 1071 3757 paruos
1101 3700 1185 3756 lep.
1218 3715 1258 3755 ς,
1288 3698 1485 3755 pavidos
1515 3698 1602 3753 lep.
1634 3698 1708 3742 Hs
