2580 4088
397 188 498 237 130
1179 195 1402 253 Pyramus
1432 201 1479 240 et
1505 196 1691 243 Thisbe.

135 338 361 404 Pyramus
535 327 811 402 ‘Pyramus
849 337 902 388 et
937 336 1141 401 Thisbe,
1177 337 1423 390 iuvenum
1458 338 1836 406 pulcherrimus
1873 343 2015 407 alter,
2437 359 2484 399 55

147 397 365 436 effhwbe·
397 417 572 483 altera,
611 434 739 486 quas
777 421 945 472 oriens
982 420 1178 486 habuit,
1216 422 1447 488 praelata
1482 424 1683 491 puellis,

393 502 657 569 contiguas
695 506 909 557 tenuere
949 505 1142 568 domoS,
1180 506 1270 558 ubi
1309 506 1498 559 dicitur
1535 509 1695 562 altam

393 587 664 640 coctilibus
702 589 866 641 muris
905 590 1125 642 cinxisse
1166 590 1469 652 Semiramis
1505 594 1706 648 urbem.

390 672 631 724 notitiam
666 675 959 741 primosque
998 675 1188 741 gradus
1227 676 1415 728 vicinia
1451 676 1595 730 fecit:

390 758 622 822 tempore
659 759 820 810 crevit
857 775 1019 825 amor;
1056 760 1242 813 taedae
1281 776 1484 829 quoque
1521 763 1631 816 iure
1669 765 1907 832 coissent,
2431 779 2480 821 60

392 841 483 893 sed
519 845 725 895 vetuere
763 845 963 911 patres:
1005 844 1139 911 quod
1178 861 1280 897 non
1320 850 1530 914 potuere
1568 850 1755 913 vetare,

391 942 452 979 ex
490 942 652 995 aequo
691 929 852 995 captis
892 929 1143 981 ardebant
1179 932 1443 984 mentibus
1481 933 1649 985 amb0.

391 1014 627 1065 conscius
664 1014 831 1065 omnis
870 1014 1045 1066 abest:
1084 1018 1217 1067 nutu
1254 1015 1519 1084 signisque
1557 1018 1813 1083 locuntur,

391 1113 593 1164 quoque
633 1098 800 1165 magis
837 1099 1045 1167 tegitur,
1083 1101 1254 1161 tectus
1291 1103 1460 1168 magis
1498 1105 1702 1155 aestuat
1738 1104 1888 1171 ignis,

388 1182 545 1235 fissus
583 1185 693 1235 erat
729 1184 875 1235 tenui
911 1184 1058 1249 rima,
1096 1200 1255 1253 quam
1301 1186 1516 1239 duxerat
1553 1186 1693 1254 olim,
2431 1202 2480 1243 65

390 1282 509 1320 cum
546 1268 692 1321 fieret
728 1269 896 1336 paries
935 1270 1111 1322 domui
1149 1273 1439 1325 communis
1478 1275 1700 1341 utrique.

388 1353 441 1405 id
478 1354 669 1429 vitium
706 1355 839 1407 nulli
876 1370 969 1420 per
1008 1357 1217 1409 saecula
1253 1358 1408 1424 longa
1444 1361 1685 1411 notatum

391 1439 535 1506 (quid
570 1456 674 1492 non
712 1442 872 1493 sentit
909 1444 1102 1507 amorP)
1142 1442 1299 1508 primi
1334 1443 1536 1496 vidistis
1575 1446 1824 1506 amantes,

381 1528 442 1577 et
476 1527 615 1578 vocis
652 1525 850 1578 fecistis
887 1527 1008 1588 iter;
1047 1529 1297 1596 tutaeque
1333 1544 1424 1596 per
1460 1529 1591 1581 illud

387 1627 652 1663 murmure
690 1612 971 1665 blanditiae
1008 1614 1224 1667 minimo
1261 1615 1479 1667 transire
1519 1615 1767 1668 solebant.
2431 1630 2480 1671 'lo

387 1711 555 1764 saepe,
590 1697 682 1749 ubi
719 1698 1062 1750 constiterant
1097 1699 1218 1750 hinc
1253 1699 1458 1763 Thisbe,
1496 1699 1753 1767 Pyramus
1789 1701 1946 1765 illinc,

530 1899 581 1939 55
590 1913 639 1950 sq
671 1901 839 1940 Narrat
865 1901 962 1940 haec
990 1901 1223 1940 secundum
1255 1899 1457 1939 Ovidium
1494 1912 1564 1939 nec
1601 1913 1749 1940 nomen
1777 1899 1870 1940 eius
1898 1900 2021 1941 addit
2048 1902 2408 1945 Pseudo-Servius
2427 1904 2478 1945 in

384 1973 479 2011 Buc
516 1973 580 2012 VI
605 1970 690 2011 22.

529 2044 578 2084 57
592 2057 640 2093 sq
676 2043 840 2082 Hieron
871 2042 1012 2082 Gomm
1040 2042 1089 2081 in
1117 2043 1302 2082 Hoseam
1331 2043 1362 2082 I
1385 2040 1419 2082 2
1449 2041 1493 2089 (t.
1522 2043 1586 2082 VI
1599 2042 1638 2081 A
1651 2055 1685 2092 p
1706 2039 1771 2083 24
1808 2042 2033 2094 Vallarsi):
2063 2041 2116 2083 de
2138 2055 2226 2095 qua
2245 2045 2477 2097 (Babylone

383 2116 441 2165 sc)
473 2113 651 2165 insignis
694 2115 821 2164 poeta
849 2115 1034 2152 testatur
1063 2111 1209 2152 dicens
1235 2106 1385 2163 ‘quam
1429 2111 1646 2151 dicitur
1688 2112 1791 2152 olim
1831 2111 2130 2153 coctilibus
2159 2126 2215 2155 m.
2249 2126 2285 2155 c.
2317 2114 2360 2157 S.
2388 2127 2477 2156 ur-

383 2178 516 2228 bem'
567 2184 581 2239 ΙΙ
633 2185 800 2225 Scholia
840 2184 1050 2234 (Cornuti)
1087 2184 1137 2223 in
1176 2186 1264 2224 Juv
1307 2186 1365 2224 II
1388 2182 1485 2224 108
1521 2185 1754 2234 (WHo'hler
1796 2181 1879 2226 NJ
1876 2186 1952 2224 libb
1989 2185 2128 2235 Suppl
2155 2186 2323 2226 XXIII
2346 2183 2475 2238 400:

384 2255 643 2297 Semiramis.
674 2254 821 2306 regina
850 2254 935 2294 fuit
964 2254 1314 2306 Babyloniorum,
1346 2267 1456 2306 quae
1486 2254 1677 2294 condidit
1706 2255 1983 2306 Babylonem,
2019 2255 2135 2295 unde
2173 2259 2275 2296 sunt
2303 2269 2474 2299 versus:

382 2325 559 2369 ‘Senaar
580 2327 671 2377 (sic)
692 2326 737 2365 in
768 2325 930 2377 campis
950 2325 1186 2377 Babylonis
1215 2325 1420 2366 dicitur
1456 2325 1558 2366 olim
1589 2325 1885 2366 coctilibus
1912 2326 2080 2366 muris
2117 2325 2357 2368 cinxisse
2386 2327 2474 2369 Se-

381 2398 626 2440 miramis
656 2396 837 2437 urbem
892 2395 906 2450 ΙΙ
947 2396 1411 2446 coctilibus—urbem]
1442 2397 1545 2437 citat
1571 2399 1717 2438 Baeda
1745 2399 2034 2438 Hexaemeron
2052 2399 2111 2438 II
2118 2412 2152 2449 p
2171 2396 2269 2439 126
2293 2399 2359 2451 (ff
2378 2401 2474 2441 Ma·

382 2473 521 2513 nitius
550 2471 651 2512 Phil
681 2470 818 2520 Suppl
854 2470 945 2510 VII
975 2466 1093 2518 729).

524 2542 577 2582 64
610 2542 784 2582 Servius
812 2541 861 2580 in
890 2542 980 2580 Aen
999 2541 1072 2581 IV
1095 2538 1149 2581 2:
1182 2539 1296 2579 unde
1326 2539 1572 2582 Ovidius:
1604 2534 1835 2591 ‘quoque
1864 2539 2030 2591 magis
2058 2538 2289 2591 tegitur,
2319 2543 2474 2582 tanto

382 2615 457 2664 [sic
501 2613 615 2658 libri,
659 2613 759 2653 item
801 2612 905 2652 citat
946 2625 1115 2651 versum
1156 2612 1357 2652 Albertus
1403 2612 1622 2653 Stadensis
1665 2612 1837 2651 Troilus
1878 2612 1926 2651 ed
1955 2611 2177 2662 Merzdorf
2198 2612 2231 2651 I
2265 2609 2377 2662 608]
2417 2633 2474 2641 -

380 2697 395 2724 1
457 2697 485 2723 n
501 2696 518 2723 1
534 2697 566 2724 s.

410 2698 438 2736 g
522 2756 575 2796 66
606 2755 863 2795 Priscianus
899 2755 964 2795 VI
992 2752 1072 2795 85:
1103 2752 1250 2795 domiis
1278 2753 1410 2793 huius
1438 2752 1566 2793 domi'
1597 2755 1640 2792 et
1661 2744 1829 2794 ‘domus
1866 2751 1996 2791 huius
2029 2741 2208 2792 domus'
2240 2783 2250 2793 .
2274 2781 2286 2793 .
2307 2783 2318 2793 ,
2347 2750 2470 2793 Ovi-

380 2826 505 2867 dius
533 2827 579 2866 in
608 2826 698 2866 1111
726 2824 1145 2877 metamorphoseon:
1178 2824 1356 2864 domui
1385 2824 1675 2865 communis
1705 2823 1939 2874 utrique.

518 2994 577 3039 55
604 2994 811 3048 Plramus
841 2995 892 3043 h,
922 2992 1153 3036 Pirramus
1184 2993 1204 3035 l
1335 2991 1394 3037 56
1422 3006 1494 3037 om
1524 2992 1559 3042 (i
1577 3005 1652 3048 ‘my
1681 3005 1727 3034 m
1746 2991 1793 3044 2)
1817 2990 1879 3034 N
1985 2989 2041 3035 57
2075 2988 2315 3035 continuas
2343 2992 2379 3043 st
2406 3001 2470 3046 gu

377 3080 471 3110 sscr
500 3066 564 3118 32)
594 3065 654 3108 N
678 3076 706 3108 e
736 3078 763 3119 ς
811 3064 825 3119 ΙΙ
876 3062 1076 3107 habuere
1096 3074 1142 3117 p
1171 3075 1208 3117 9
1237 3077 1265 3118 ς
1305 3063 1319 3119 ΙΙ
1375 3075 1467 3119 qua
1495 3062 1579 3108 dic.
1608 3062 1730 3106 cPar
1872 3060 1930 3105 58
1958 3059 2179 3105 struxisse
2209 3058 2414 3116 cSprotii
2440 3074 2468 3117 ς

377 3138 434 3182 61
465 3135 603 3192 quo(d
635 3136 702 3179 ir
730 3149 778 3178 m
797 3135 843 3187 2)
871 3135 933 3178 N
984 3134 997 3189 ΙΙ
1057 3134 1377 3178 distinxerunt
1419 3133 1544 3187 (olim
1579 3135 1691 3189 post
1731 3137 1884 3188 patres
1927 3131 2123 3188 viryala,
2157 3133 2271 3187 post
2310 3136 2469 3176 votare

368 3210 544 3263 puncto
587 3206 934 3258 intercidebant)
977 3205 1018 3250 J
1015 3205 1073 3248 H
1078 3204 1186 3250 Voss
1215 3207 1261 3250 et
1292 3205 1448 3261 Gieriy
1498 3205 1512 3260 ΙΙ
1564 3209 1750 3248 vetuere
1791 3208 1956 3259 patres,
2002 3214 2120 3258 quae
2148 3215 2243 3247 non
2275 3206 2468 3258 potuere
2557 3217 2559 3219 ·

378 3279 523 3323 vetari
551 3277 671 3323 Vind
692 3291 730 3332 p
760 3277 821 3322 33
846 3275 1008 3329 Bothe,
1043 3281 1208 3332 patres.
1249 3275 1375 3332 quod
1403 3289 1447 3320 n.
1477 3289 1521 3332 p.
1553 3273 1713 3331 vetari,
1744 3287 1801 3318 ex
1830 3287 1869 3318 a.
1902 3273 2076 3328 Stanqe
2215 3271 2274 3317 62
2301 3271 2468 3328 capltis

377 3350 412 3405 (i
441 3351 556 3402 eras)
587 3349 660 3392 M
796 3347 855 3392 63
883 3347 1094 3392 locuntur
1120 3347 1193 3391 M
1217 3348 1238 3390 l
1268 3360 1317 3402 9,
1361 3347 1612 3403 loquuntur
1652 3347 1741 3389 cett
1783 3344 1917 3401 vulgo
2060 3342 2119 3387 64
2146 3347 2275 3388 tanto
2318 3340 2466 3398 magis

378 3420 561 3464 Servius
591 3434 618 3475 ς
647 3417 773 3462 Mser
801 3419 919 3462 Diez
949 3419 1073 3471 1480,
1106 3423 1313 3469 τοσούτῳ
1343 3415 1514 3465 μᾶλλον
1541 3415 1666 3461 Plan
1807 3415 1866 3460 66
1894 3427 1995 3458 cum
2024 3412 2159 3457 fieret
2185 3411 2335 3469 paries
2362 3425 2465 3456 con·

375 3490 527 3543 iunxi,
557 3503 658 3534 cum
686 3489 833 3545 fieret,
863 3491 1012 3546 paries
1041 3488 1341 3545 distinyuunt
1366 3488 1500 3545 vulgo
1613 3487 1668 3532 67
1698 3490 1907 3530 notatum
1936 3488 2006 3529 est
2036 3484 2075 3527 h
2103 3494 2132 3526 e
2244 3481 2314 3560 68.
2330 3481 2463 3565 priipi

376 3604 578 3648 sensistis
608 3618 635 3659 ς
679 3603 753 3646 Hs
782 3602 916 3660 vulqo
946 3602 1056 3647 olim
1210 3602 1269 3647 69
1297 3600 1421 3646 uotis
1448 3613 1476 3645 8
1503 3599 1695 3656 eHamb‚
1733 3598 1838 3642 uoci
1870 3612 1898 3654 ς
1927 3597 2002 3641 Hs
2181 3594 2237 3640 70
2262 3561 2414 3640 3333,
2430 3591 2465 3639 'e

377 3675 431 3719 71
471 3673 617 3730 Saepe
659 3674 747 3728 (hic
789 3688 851 3718 ex
893 3674 973 3719 ubi
1017 3687 1064 3717 m
1096 3673 1140 3726 2)
1185 3674 1252 3729 F,
1299 3672 1445 3728 Saepe
1494 3671 1561 3717 ibi
1605 3685 1652 3727 ς,
1702 3669 1846 3725 Saepe
1887 3673 1941 3712 ut
1982 3681 2009 3723 ς
2052 3665 2133 3710 Hs
2178 3665 2310 3722 vulgo
2343 3663 2463 3747 ¹olim
