2580 4088
396 183 458 231 16
1328 187 1528 244 Lycaon.

389 325 580 379 inicere
618 327 969 395 anguipedum
1007 328 1208 396 captivo
1245 328 1490 380 bracchia
1526 329 1684 382 caelo.

393 426 518 463 nam
557 426 875 479 quamquam
912 412 1053 464 ferus
1091 412 1255 466 hostis
1293 415 1417 477 erat,
1453 414 1634 466 tamen
1669 414 1800 467 illud
1838 416 1903 469 ab
1942 432 2044 469 uno
2411 429 2483 472 185

392 511 600 563 corpore
640 498 693 548 et
731 512 791 549 ex
826 512 932 549 una
968 497 1228 565 pendebat
1264 497 1459 563 origine
1497 497 1709 551 bellum.

394 596 535 633 nunc
571 581 713 647 mihi,
757 596 860 648 qua
895 584 1065 634 totum
1100 581 1302 637 Nereus
1340 581 1691 636 circumsonat
1726 585 1921 650 orbem,

391 665 713 733 perdendum
751 669 832 718 est
868 665 1086 719 mortale
1124 681 1314 733 genus:
1351 681 1444 734 per
1478 667 1698 722 flumina
1734 669 1846 722 iuro

392 748 572 815 infera,
610 751 706 803 sub
745 754 909 803 terras
949 750 1130 819 Stygio
1167 750 1399 803 labentia
1433 752 1582 805 luco!

394 838 581 888 cuncta
616 836 759 903 prius
797 838 1067 904 temptata,
1106 835 1197 888 sed
1231 836 1600 891 inmedicabile
1638 854 1822 907 corpus
2411 852 2483 894 190

394 935 516 973 ense
551 920 888 973 recidendum
926 922 1018 984 est,
1055 936 1120 973 ne
1158 936 1279 989 pars
1315 922 1517 974 sincera
1553 924 1803 976 trahatur.

394 1005 517 1056 sunt
553 1005 683 1057 mihi
720 1005 952 1067 semidei,
991 1006 1115 1057 sunt
1148 1005 1344 1058 rustica
1378 1007 1610 1072 numina,
1646 1009 1907 1078 nymphae

393 1089 646 1157 faunique
685 1091 950 1158 satyrique
989 1092 1042 1143 et
1078 1091 1388 1144 monticolae
1427 1091 1634 1145 silvani:

396 1190 539 1241 quos,
577 1175 824 1242 quoniam
861 1175 991 1228 caeli
1026 1176 1262 1228 nondum
1299 1177 1579 1244 dignamur
1614 1178 1821 1244 honore,

400 1275 528 1326 quas
567 1260 805 1313 dedimus
842 1262 980 1314 certe
1015 1263 1181 1314 terras
1220 1260 1455 1315 habitare
1494 1263 1745 1317 sinamus.
2414 1274 2486 1317 195

394 1360 461 1395 an
498 1345 643 1409 satiS,
681 1361 710 1398 o
748 1346 936 1414 superi,
972 1348 1114 1399 tutos
1150 1346 1258 1401 fore
1297 1347 1508 1401 creditis
1543 1348 1674 1411 illos,

393 1444 513 1482 cum
549 1430 695 1496 mihi,
735 1432 825 1498 qui
861 1431 1078 1496 fulmen,
1119 1433 1207 1500 qui
1245 1449 1334 1486 vos
1370 1433 1640 1501 habeoque
1676 1449 1916 1502 regoque‚

394 1515 637 1567 struxerit
672 1516 887 1569 insidias
924 1519 1078 1571 notus
1115 1516 1323 1571 feritate
1359 1518 1570 1586 Lycaon
1581 1513 1627 1572 22‘

535 1599 901 1655 Confremuere
940 1618 1119 1656 omnes
1157 1604 1446 1672 studiisque
1485 1605 1786 1659 ardentibus
1824 1620 2010 1658 ausum

540 1787 619 1827 184
649 1789 793 1827 Joann
829 1788 1025 1828 Saresber
1054 1789 1246 1828 Polie-rat
1280 1791 1370 1829 VII
1394 1787 1419 1829 1
1451 1790 1523 1837 (ΙΙ
1551 1787 1611 1831 94
1647 1792 1732 1840 W).·
1769 1802 1819 1830 ac
1856 1790 1893 1829 si
1932 1788 2231 1830 secundum
2267 1787 2488 1829 fabulas

394 1863 533 1896 essent
563 1859 681 1898 celo
711 1858 934 1910 captivo
965 1859 1192 1899 brachia
1220 1859 1502 1900 iniecturi.

732 2023 758 2046 V

536 2055 620 2099 184
650 2055 927 2111 angipedum
948 2081 1005 2086 —
1025 2055 1208 2100 brachia
1252 2070 1288 2099 α
1332 2055 1492 2101 brahia
1529 2070 1556 2100 ε
1735 2056 1822 2101 185
1862 2068 2088 2112 quaquam
2134 2070 2170 2099 α
2283 2056 2368 2101 187
2399 2069 2490 2112 qua

395 2124 535 2168 latum
568 2126 669 2178 (coll
696 2126 777 2170 her
800 2127 840 2179 9,
872 2127 941 2180 14)
972 2126 1133 2171 Bauer
1162 2127 1460 2171 circumtonat
1487 2140 1515 2170 s
1544 2142 1571 2183 ς
1599 2126 1752 2170 Burm
1781 2126 1915 2183 vulgo
1945 2126 2056 2170 olim
2215 2127 2354 2182 1883q
2381 2127 2491 2171 Per·

398 2195 574 2240 dendus
614 2198 651 2249 f
687 2203 757 2242 est
799 2212 871 2242 om
916 2213 942 2254 ς
988 2198 1061 2242 del
1088 2198 1164 2242 He
1208 2197 1293 2242 sub
1333 2203 1476 2242 terras
1505 2198 1556 2241 A
1585 2197 1666 2242 VA
1697 2197 1782 2242 sub
1813 2202 1932 2241 terra
1957 2198 1993 2249 f*
2005 2212 2031 2253 ς
2061 2197 2195 2242 Riese
2233 2196 2319 2242 sub
2358 2198 2491 2242 terris

397 2267 465 2323 (cf
492 2267 528 2312 V
549 2267 651 2320 504)
697 2283 725 2324 ς
753 2268 800 2313 R
843 2269 964 2326 stigo
1005 2283 1032 2313 ε
1068 2269 1131 2323 l(u
1160 2282 1222 2313 ex
1250 2282 1363 2322 corr,
1409 2282 1436 2313 a
1478 2268 1577 2324 fort
1605 2269 1768 2326 fumeo
1810 2269 1883 2312 Μ
2048 2269 2135 2314 190
2162 2273 2383 2325 temptata
2426 2267 2500 2326 (ef

396 2338 522 2394 Prop
543 2339 641 2383 III
660 2340 730 2393 21,
752 2340 798 2392 5)
839 2342 859 2383 l
889 2355 916 2396 ς
944 2340 1124 2384 Merkel
1172 2344 1315 2384 tetata
1345 2355 1380 2383 α
1424 2345 1599 2384 tentata
1627 2355 1655 2396 ς
1683 2340 1759 2383 Hs
1788 2340 1922 2396 wlyo
1967 2339 2077 2383 olim
2117 2338 2401 2395 tem(ptanda
2427 2338 2493 2382 ir

398 2423 445 2452 m
474 2409 519 2460 2)
549 2411 610 2453 N
633 2412 1009 2467 temp(ten)tanda
1054 2415 1177 2463 (sunt
1212 2425 1306 2455 secr
1337 2415 1409 2463 m)
1448 2425 1474 2455 ε
1508 2426 1545 2454 π
1573 2412 1646 2455 Μ
1671 2413 1708 2455 h
1736 2423 1765 2454 e
1789 2411 1826 2463 f
1847 2412 1888 2454 l2
1918 2425 1945 2466 ς
1977 2429 2013 2452 ω
2057 2409 2205 2455 Bothe
2254 2412 2271 2464 11
2328 2422 2491 2467 corpus

397 2480 544 2536 recepi
563 2481 635 2537 (cf
646 2482 814 2527 NJhbb
845 2483 969 2536 1891,
1001 2483 1101 2535 694)
1131 2498 1188 2526 em
1218 2497 1253 2526 α
1284 2496 1310 2527 ε
1338 2497 1374 2527 π
1403 2483 1475 2526 Μ
1503 2483 1523 2525 l
1553 2497 1580 2538 ς
1610 2482 1774 2526 uulnus
1802 2483 1881 2533 (ir
1900 2494 1954 2534 η,
1980 2495 2015 2525 s.
2046 2494 2210 2536 corpus
2237 2494 2332 2525 saer
2359 2481 2434 2534 1ιῖ)
2453 2481 2493 2524 h

398 2563 459 2594 m
487 2564 529 2595 η
559 2565 587 2595 e
612 2553 648 2605 f
671 2554 691 2596 l
720 2568 747 2609 ς
769 2572 805 2595 ω
836 2554 969 2610 vulyo
1011 2557 1025 2608 ΙΙ
1063 2555 1384 2612 distinxerunt
1417 2557 1530 2610 post
1563 2554 1635 2610 (cf
1654 2553 1775 2598 Vind
1811 2553 1875 2598 Ov
1901 2567 1938 2609 p
1958 2553 2004 2607 3)
2046 2551 2270 2598 Bothium
2304 2550 2493 2596 Suehier

400 2623 492 2667 (NJ
506 2623 588 2667 hbb
610 2624 735 2678 1859,
754 2625 859 2682 57])
891 2628 935 2669 et
961 2624 1169 2678 Ehwald,
1206 2639 1308 2670 cum
1337 2626 1472 2682 vulgo
1501 2627 1689 2680 (ὄμνυμι
1718 2659 1728 2669 .
1750 2657 1762 2668 .
1794 2629 1951 2667 πάντα
1976 2621 2334 2679 μετεληλυθέναι
2350 2624 2492 2679 Plan)

400 2695 500 2739 iuro
546 2709 649 2739 eum
694 2701 916 2752 temptata
960 2700 1075 2749 (esse
1110 2700 1171 2750 sc)
1214 2698 1509 2741 coniunctum
1538 2699 1653 2740 esset
1700 2697 1716 2750 ΙΙ
1764 2694 2083 2740 inmedicabile
2111 2707 2220 2739 cura
2255 2694 2323 2739 vel
2358 2708 2494 2741 curae

400 2765 599 2809 Merkeffl
769 2768 854 2812 191
883 2768 981 2811 inse
1011 2782 1046 2810 α
1077 2774 1145 2811 est
1183 2782 1256 2812 om
1285 2769 1392 2821 (add
1428 2771 1485 2819 η)
1516 2781 1552 2811 α
1582 2767 1642 2810 N
1679 2766 1754 2810 del
1789 2765 1942 2810 Burm
2085 2765 2279 2820 1921281
2307 2769 2495 2812 exstant

399 2837 450 2881 in
480 2852 533 2893 y,
712 2838 854 2894 19289
883 2839 947 2882 sie
977 2853 1012 2882 α
1042 2852 1069 2882 ε
1097 2853 1134 2882 π
1159 2837 1205 2880 O
1234 2840 1272 2882 h
1302 2853 1329 2894 ς
1349 2837 1423 2882 Hs
1458 2836 1671 2895 nymphae
1701 2837 1815 2881 Sunt
1842 2835 1970 2880 fauni
1999 2836 2234 2894 satyrique
2262 2843 2310 2882 et
2335 2837 2384 2882 R
2410 2851 2493 2882 nu-

402 2908 524 2951 mina
555 2908 756 2961 (nomina
783 2908 973 2965 Regius)
1004 2909 1132 2953 fauni
1174 2909 1237 2952 Et
1274 2907 1489 2965 nymphae
1532 2908 1765 2966 satyrique
1796 2912 1842 2952 et
1869 2906 2187 2963 eMaffez'anus
2225 2907 2305 2952 VA
2320 2907 2494 2966 Βορέω

402 2984 508 3022 sunt
551 2978 662 3022 mihi
692 2994 725 3024 r
755 2993 799 3024 n.
830 2979 1045 3037 nymphae
1075 2980 1223 3024 Fauni
1267 2980 1500 3060 satyrique
1530 2981 1552 3023 l
1579 2978 1794 3038 nymphae
1824 2977 1886 3021 Et
1913 2977 2041 3022 fauni
2071 2977 2304 3036 satyrique
2332 2983 2381 3023 et
2407 2991 2438 3023 e
2466 2993 2494 3035 ς

403 3062 638 3120 Faunique
668 3070 716 3108 et
743 3064 934 3121 saty(i)ri
968 3070 1013 3109 et
1032 3079 1084 3122 γ
1124 3078 1159 3120 9
1188 3046 1446 3121 Faunique⁰
1425 3035 1483 3071 e²t
1484 3070 1567 3109 sat.
1611 3064 1684 3108 M
1713 3065 1728 3118 fl
1771 3062 2032 3107 monticuiae
2061 3062 2122 3105 N
2146 3061 2327 3114 silvani]
2359 3076 2392 3107 u
2419 3061 2494 3107 hic

403 3133 596 3178 soluitur
623 3135 671 3178 in
700 3135 828 3179 uocal
861 3142 912 3179 ut
942 3137 1001 3179 sit
1030 3135 1166 3179 dactil
1195 3149 1289 3180 eser
1308 3151 1343 3179 α
1460 3135 1546 3180 194
1574 3134 1779 3179 nundum
1801 3146 1829 3178 e
1860 3133 2107 3190 dignantur
2129 3132 2167 3185 f
2300 3133 2387 3178 195
2404 3137 2493 3178 ter·
2552 3184 2555 3185 ⁷

404 3260 477 3291 ras
506 3252 627 3291 certe
656 3260 684 3291 e
714 3247 761 3292 R
907 3248 991 3293 196
1017 3206 1160 3304 ριῗέξῗ
1176 3264 1212 3292 α
1242 3248 1467 3294 credimus
1494 3246 1831 3304 716197
1862 3245 1934 3290 cui
1962 3244 2134 3290 fulmen
2162 3246 2214 3290 in
2244 3245 2358 3290 Bibl
2374 3244 2494 3290 Diez

406 3346 522 3391 1075
547 3346 622 3389 Hs
651 3345 824 3390 fulmen
853 3348 986 3390 uiuos
1015 3346 1059 3392 h.
1090 3362 1125 3390 α
1169 3347 1378 3404 abeoque
1406 3348 1479 3391 M
1645 3344 1838 3395 1981255
1882 3357 1954 3387 om
1997 3345 2059 3387 N
2094 3344 2146 3388 in
2191 3343 2303 3401 folio
2330 3347 2493 3402 postea
2554 3327 2573 3375 ἶ

403 3447 574 3490 inserto
602 3446 694 3488 add
723 3456 765 3488 n
925 3446 1011 3490 198
1039 3451 1191 3490 motus
1226 3459 1268 3490 ‘n
1296 3452 1434 3491 notus
1463 3445 1549 3489 erit
1576 3450 1650 3489 ate
1680 3459 1715 3487 α
1884 3444 1965 3490 199
1993 3443 2304 3489 confremuere
2323 3444 2394 3501 (cf
2404 3441 2500 3489 XV

404 3517 493 3562 606
513 3517 610 3561 Aen
631 3516 682 3560 X
695 3516 757 3561 96
772 3516 823 3559 Π
842 3516 937 3560 Lat
955 3516 1029 3571 62)
1051 3529 1088 3570 9
1115 3531 1142 3572 ς
1163 3517 1201 3560 A
1227 3517 1402 3574 Regius
1430 3516 1560 3572 ινα-190
1589 3514 1693 3558 Non
1713 3514 1933 3559 fremuere
1953 3529 1989 3559 α
2019 3514 2163 3572 Con(t
2179 3529 2236 3559 ex
2254 3513 2494 3568 bremuere

400 3588 437 3639 f
461 3587 782 3632 Contremuere
819 3587 914 3643 (sed
942 3587 996 3643 ef
1031 3587 1193 3631 studiis
1236 3586 1503 3632 ardentibus
1547 3585 1801 3642 deposcunt
1844 3588 1888 3630 et
1915 3585 2017 3636 206)
2050 3586 2100 3629 A
2127 3585 2256 3630 Jahn
2298 3598 2412 3629 ausu
2455 3598 2493 3628 α

405 3658 490 3702 199
517 3658 707 3714 304)309
747 3657 876 3702 nullo
919 3658 1068 3714 spatio
1111 3656 1371 3701 intermisso
1402 3671 1438 3701 α
