2580 4088
366 211 469 259 674
876 209 1100 256 Lactantii
1129 208 1306 254 Placidi
1336 209 1413 265 qui
1444 207 1609 252 dicitur
1636 208 1932 253 narrationes.

1215 731 1429 785 LIBER
1464 731 1611 785 VIII.

507 905 533 957 I
574 903 762 972 Scylla,
800 902 916 955 Nisi
953 902 1074 967 filia,
1125 901 1180 954 in
1219 917 1369 955 avem
1408 903 1537 956 cirin
1575 904 1628 956 et
1663 903 1838 970 Nisus,
1874 906 2022 974 pater
2057 904 2183 971 eius,
2218 903 2274 957 in
2311 918 2460 958 avem

583 988 893 1042 haliaeeton.

481 1074 535 1126 II
572 1073 797 1127 Ariadne
835 1073 889 1125 in
927 1088 1183 1126 coronam.
1689 1130 1692 1134 ,
2556 1123 2561 1137 ,

457 1159 539 1212 ΙΙΙ
576 1158 762 1212 Perdix
798 1158 853 1209 in
890 1173 1039 1211 avem
1078 1158 1159 1210 sui
1195 1157 1436 1211 nominis.
2500 1170 2525 1210 5
2554 1139 2561 1198 3

424 1243 541 1296 IIII
577 1243 920 1311 Meleagrides
957 1243 1013 1295 in
1049 1258 1186 1296 aves

461 1328 535 1381 VI
572 1328 830 1382 Perimele
867 1328 922 1380 in
957 1328 1203 1381 insulam.

431 1414 538 1466 VII
576 1413 810 1482 Iuppiter
846 1415 899 1467 et
934 1413 1225 1466 Mercurius
1263 1414 1318 1466 in
1354 1413 1629 1468 hominum
1666 1414 1880 1483 species,

400 1499 534 1552 VIII
573 1499 708 1554 Casa
741 1498 991 1552 Baueidis
1030 1500 1083 1552 et
1119 1499 1440 1553 Philemonis
1483 1499 1540 1552 in
1583 1500 1840 1568 templum
1877 1500 1930 1553 et
1964 1498 2157 1552 Baucis
2201 1499 2254 1552 et
2289 1496 2463 1551 Phile-

587 1600 710 1637 mon
746 1584 802 1636 in
839 1584 1085 1637 arborum
1123 1584 1336 1652 species,
2497 1594 2547 1636 10

385 1670 541 1724 VIIII
577 1670 793 1723 Proteus
829 1670 885 1722 in
922 1670 1137 1738 species.

484 1755 535 1808 X
570 1755 780 1819 Mestre,
816 1755 1174 1823 Erysicthonis
1198 1755 1320 1819 filia,
1346 1755 1402 1807 in
1441 1753 1719 1808 dissimiles
1754 1754 1949 1822 figuras
1987 1756 2040 1808 et
2063 1754 2374 1824 Erysicthon
2407 1754 2464 1807 in

591 1840 822 1893 Famem.

204 1939 286 1989 fab
317 1935 343 1978 1
515 1926 698 1989 Minos,
742 1925 879 1978 Iovis
918 1927 970 1979 et
1014 1925 1251 1994 Europae
1301 1924 1463 1993 filius,
1518 1941 1639 1978 cum
1683 1926 1890 1994 propter
1925 1924 2094 1978 filium
2130 1923 2463 1992 Androgeum

369 2011 742 2079 interemptum
781 2011 845 2064 ab
873 2011 1280 2064 Atheniensibus
1317 2025 1510 2079 poenas
1547 2012 1817 2079 repeteret,
1855 2011 2084 2078 Megara,
2118 2011 2174 2063 in
2211 2025 2316 2078 qua
2337 2009 2464 2062 urbe
2504 2020 2551 2061 15

369 2096 530 2149 Nisus
566 2095 821 2163 regnabat
858 2096 1106 2149 continua
1142 2111 1265 2149 cum
1289 2096 1714 2158 Atheniensibus
1754 2096 1989 2163 accessit,
2036 2111 2140 2163 qua
2175 2098 2467 2164 expugnata

371 2182 544 2234 animo
582 2183 890 2249 conceperat
927 2181 1112 2234 occisis
1148 2180 1418 2250 praesidiis
1451 2181 1683 2234 hostium
1726 2181 1996 2234 victoriam
2038 2181 2262 2234 faciliter
2293 2194 2467 2233 conse·

372 2268 639 2328 outurum;
675 2266 811 2319 inter
837 2282 969 2334 quae
997 2266 1188 2334 Scylla,
1217 2266 1332 2319 Nisi
1356 2266 1478 2331 filia,
1505 2282 1658 2335 saepe
1683 2282 1890 2319 murum
1918 2266 2153 2319 ascendit
2177 2264 2468 2319 delectandi

512 2450 640 2507 Incip
658 2454 740 2507 cap
758 2443 829 2493 115
846 2449 957 2494 VIII
977 2449 1057 2502 M,
1094 2448 1293 2506 Explicit
1316 2448 1377 2493 lib
1404 2448 1492 2494 VII
1514 2448 1682 2505 Incipit
1709 2448 1820 2494 VIII
1842 2450 1902 2493 N
1918 2448 1932 2504 ΙΙ
1953 2449 2160 2504 sequitur
2188 2447 2327 2492 series
2356 2447 2469 2493 titu-

375 2521 522 2565 lorum
544 2520 650 2564 libri
668 2520 776 2566 VII
790 2520 842 2564 in
867 2520 912 2564 Ο
998 2519 1028 2563 2
1058 2519 1193 2565 Scilla
1222 2520 1291 2564 M
1325 2520 1339 2575 ΙΙ
1378 2518 1503 2564 Cirin
1521 2519 1574 2572 V,
1603 2518 1724 2563 kirin
1743 2519 1824 2575 M,
1856 2519 1983 2577 cyrin
2002 2520 2062 2563 N
2142 2518 2173 2564 3
2201 2518 2371 2564 alieton
2385 2519 2467 2572 M,

374 2591 559 2636 allieton
600 2592 666 2647 N,
707 2590 893 2635 alietum
925 2591 971 2637 V
1134 2591 1164 2634 4
1192 2590 1377 2634 ariadne
1415 2590 1596 2648 minoys
1628 2591 1687 2634 N
1851 2590 1880 2634 5
1909 2589 2079 2635 Perdix
2116 2589 2230 2635 calai
2257 2589 2384 2634 filius
2411 2589 2472 2634 N

372 2662 402 2707 6
430 2662 598 2706 Mollea
641 2661 796 2719 grides
827 2662 886 2705 N
931 2662 946 2717 ΙΙ
994 2664 1107 2717 post
1145 2660 1267 2706 hunc
1304 2661 1495 2706 titulum
1535 2661 1742 2716 sequitur
1789 2663 1861 2714 (ut
1898 2661 1958 2706 tit
1991 2661 2198 2716 quintus)
2236 2659 2468 2717 nymphae

374 2733 534 2778 naides
563 2733 628 2786 (in
658 2733 748 2788 om)
779 2732 951 2777 insulas
980 2732 1209 2789 sepositae
1238 2732 1289 2777 in
1320 2734 1379 2776 N
1405 2765 1416 2776 .
1445 2733 1487 2776 is
1517 2732 1684 2777 titulus
1712 2746 1988 2788 quamquam
2017 2746 2112 2777 non
2140 2734 2292 2777 exstat
2317 2732 2368 2776 in
2387 2731 2469 2788 M,

376 2807 530 2848 tamen
565 2805 617 2848 in
665 2818 713 2848 eo
755 2807 861 2860 post
899 2803 1089 2849 titulum
1125 2804 1218 2848 IIII
1255 2803 1571 2861 (Meleagrides
1607 2804 1657 2848 in
1694 2807 1817 2858 aues)
1855 2804 2063 2859 sequitur
2098 2817 2193 2848 non
2221 2802 2263 2848 V
2298 2803 2377 2847 secl
2404 2801 2470 2848 VI

377 2874 618 2930 (Perimele
647 2875 693 2918 in
724 2874 950 2931 insulam),
981 2878 1026 2920 et
1055 2876 1075 2919 i
1102 2889 1180 2932 my
1210 2875 1347 2920 rubro
1376 2890 1406 2918 a
1434 2889 1482 2919 m
1500 2875 1535 2919 2
1558 2876 1731 2931 scripta
1759 2877 1873 2919 sunt
1899 2875 2031 2919 iuxta
2062 2876 2170 2931 IIII,
2200 2877 2256 2919 ut
2282 2875 2360 2919 viae
2380 2873 2471 2932 leyi

370 2962 564 3016 possint,
594 2947 715 3006 naid’
748 2961 796 3004 in
826 2947 929 3005 isul'
1031 2962 1055 3006 7
1086 2960 1310 3005 Perimele
1338 2960 1532 3005 insulam
1562 2961 1622 3004 N
1720 2960 1807 3016 9sq
1836 2965 1883 3005 et
1912 2973 2016 3004 casa
2044 2961 2092 3006 V
2120 2960 2135 3015 ΙΙ
2173 2959 2323 3005 Causa
2348 2960 2423 3005 M
2451 2962 2468 3016 Ι

417 3030 458 3065 a2

377 3073 555 3118 bucidis
575 3075 643 3117 N·
664 3075 678 3129 Η
714 3074 957 3130 pilemonis
978 3075 1047 3118 M
1065 3075 1118 3128 V,
1148 3075 1406 3133 pylemonis
1426 3075 1485 3118 N
1532 3074 1547 3129 ΙΙ
1599 3074 1800 3130 pilemon
1834 3074 1880 3118 0
1901 3074 1948 3120 V
2073 3075 2131 3118 11
2160 3072 2385 3118 Protheus
2425 3074 2472 3118 0

379 3143 436 3188 12
464 3150 630 3188 mestre
667 3144 868 3190 sichonis
906 3146 986 3202 M,
1042 3144 1509 3191 mestraercsicthonis
1546 3146 1613 3199 N,
1658 3145 1856 3189 Menstre
1892 3145 2134 3190 Erisitonis
2162 3145 2218 3198 V,
2267 3146 2282 3201 ΙΙ
2341 3144 2475 3189 dissi-

379 3215 486 3258 mile
530 3214 680 3271 figura
737 3218 818 3269 M,
864 3216 1130 3262 dissimilem
1174 3216 1370 3274 figuram
1416 3216 1464 3262 V
1520 3216 1535 3272 ΙΙ
1594 3215 1911 3261 eresitithinon
1948 3217 2028 3270 M,
2074 3213 2371 3261 eresioicthon
2405 3216 2471 3271 N,

382 3286 568 3330 erisiton
599 3287 645 3332 V
689 3287 703 3342 ΙΙ
752 3287 908 3332 famen
939 3289 984 3334 V

522 3357 600 3414 fab
629 3357 664 3400 Ι
679 3361 791 3413 post
818 3359 979 3402 seriem
1013 3358 1256 3403 titulorum
1275 3371 1419 3414 supra
1451 3357 1604 3403 Ovidii
1630 3372 1783 3402 versus
1812 3358 1864 3402 in
1898 3358 1943 3402 0
2065 3357 2122 3402 15
2149 3357 2333 3413 Megara
2364 3357 2410 3401 O
2434 3356 2482 3404 V

382 3427 619 3484 Munelcer,
641 3428 872 3484 Megaram
893 3429 1112 3487 Micyllus
1185 3429 1242 3475 16
1262 3429 1478 3474 continua
1496 3430 1557 3473 N
1572 3430 1624 3482 V,
1647 3431 1881 3483 continu(o
1903 3442 1957 3473 ea·
1977 3442 2004 3473 a
2023 3443 2070 3472 m
2083 3428 2130 3483 2)
2147 3427 2227 3484 M,
2258 3428 2475 3472 continuo

384 3499 515 3555 vulgo
535 3499 551 3555 u
576 3499 787 3552 distinxi,
803 3503 910 3554 post
928 3500 1151 3556 regnabat
1174 3500 1390 3545 incidunt
1407 3500 1542 3557 vulgo
1580 3502 1597 3556 ΙΙ
1626 3513 1727 3544 cum
1759 3499 2053 3544 Cretensibus
2083 3512 2171 3543 acc.
2192 3497 2419 3543 Muncker
2453 3499 2470 3553 ἥ

386 3610 634 3655 accedisset
662 3613 721 3655 N
763 3612 779 3668 ΙΙ
808 3570 1011 3668 luggam}
1185 3616 1297 3669 17sq
1327 3612 1460 3657 facile
1489 3626 1538 3657 se
1567 3613 1792 3658 Muncker
1841 3613 1856 3668 ΙΙ
1910 3620 2250 3658 consecuturam
2277 3609 2475 3655 Ehwald

387 3683 443 3727 18
471 3681 551 3737 int,
584 3685 625 3738 q’
659 3683 878 3739 (viryulae
908 3699 937 3727 a
966 3700 1012 3729 m
1032 3687 1078 3738 2)
1107 3686 1180 3729 M
1223 3686 1238 3742 ΙΙ
1291 3685 1416 3730 scilla
1440 3685 1485 3728 Ο
1515 3685 1530 3739 n
1559 3684 1807 3730 ascendens
1838 3686 1898 3729 N
1923 3682 2141 3740 Micyllus
