2580 4088
761 193 844 239 Ov.
874 194 1055 239 Metam.
1083 193 1181 240 Lib.
1204 194 1240 248 1,
1269 209 1316 240 v.
1347 198 1587 240 718—759.
2145 203 2212 249 45

133 334 430 402 ungulaque
465 333 519 386 in
558 333 741 401 quinos
780 335 978 403 dilapsa
1015 337 1307 391 absumitur
1341 352 1571 404 ungues:

135 418 201 472 de
237 418 364 471 bove
401 418 476 470 nil
512 420 759 486 superest,
796 420 992 474 formae
1030 422 1132 475 nisi
1168 421 1372 487 candor,
1408 422 1465 474 in
1503 422 1609 475 illa.

134 500 402 569 officioque
438 502 634 567 pedum
669 505 896 572 nymphe
936 507 1179 559 contenta
1216 506 1435 559 duorum

135 586 349 654 erigitur
382 587 671 654 metuitque
708 588 867 656 loqui,
901 605 967 643 ne
1003 606 1145 644 more
1181 591 1429 644 iuvencae
2147 603 2217 643 745

133 670 347 738 mugiat,
384 672 439 723 et
474 671 653 724 timide
691 673 846 726 verba
882 674 1179 728 intermissa
1213 677 1508 744 retemptat.

274 754 429 808 Nunc
465 755 561 808 dea
596 756 813 822 linigera
850 758 1034 811 colitur
1071 760 1405 813 celeberrima
1439 761 1608 825 turba,

133 853 274 893 nunc
310 839 556 908 Epaphus
592 842 773 908 magni
809 842 1014 908 genitus
1053 843 1115 896 de
1153 844 1348 897 semine
1387 844 1600 897 tandem

134 923 360 978 creditur
395 939 507 977 esse
544 924 694 987 Iovis
731 941 924 994 perque
960 928 1115 981 urbes
1153 929 1331 982 iuncta
1365 930 1569 997 parenti

135 1009 331 1077 templa
365 1010 522 1062 tenet.
593 1009 693 1062 fuit
729 1010 851 1063 huic
887 1012 1075 1065 animis
1114 1013 1347 1080 aequalis
1386 1015 1440 1066 et
1477 1014 1626 1067 annis
2147 1025 2219 1064 750

135 1091 253 1146 Sole
290 1094 434 1146 satus
471 1092 761 1147 Phaethon.
834 1111 989 1163 quem
1029 1098 1290 1164 quondam
1325 1113 1520 1166 magna
1556 1098 1853 1165 loquentem

133 1192 231 1230 nec
267 1177 366 1230 sibi
402 1177 673 1232 cedentem
710 1179 1020 1248 Phoeboque
1056 1183 1268 1249 parente
1306 1183 1590 1251 superbum

132 1277 236 1315 non
273 1262 395 1315 tulit
429 1261 719 1327 Inachides,
750 1259 944 1317 ‘matri’
983 1281 1082 1332 que
1119 1267 1193 1319 ait
1224 1263 1421 1319 ‘omnia
1456 1267 1669 1321 demens

134 1347 301 1400 credis
338 1348 391 1400 et
427 1362 482 1400 es
518 1348 750 1401 tumidus
787 1350 1034 1416 genitoris
1071 1350 1300 1418 imagine
1335 1347 1482 1404 falsi?

276 1432 499 1485 Erubuit
534 1432 807 1486 Phaethon
842 1434 1076 1502 iramque
1112 1435 1304 1503 pudore
1340 1436 1601 1505 repressit,
2147 1445 2220 1485 755

135 1517 188 1569 et
223 1516 347 1568 tulit
383 1516 449 1569 ad
486 1516 771 1585 Clymenen
807 1518 1009 1587 Epaphi
1045 1519 1275 1572 convicia
1311 1522 1549 1587 matrem,

132 1596 269 1669 ‘quo'
313 1616 412 1670 que
447 1602 616 1668 magis
652 1601 840 1666 dolea8‚
877 1598 1137 1671 genetrix',
1175 1604 1249 1655 ait
1280 1599 1388 1656 ‘ille
1428 1619 1521 1671 ego
1557 1604 1702 1664 liber,

134 1685 222 1739 ille
258 1685 399 1739 ferox
434 1687 589 1739 tacui.
663 1687 825 1755 pudet
859 1687 988 1739 haec
1025 1688 1295 1756 opprobria
1330 1688 1480 1741 nobis

135 1772 188 1822 et
224 1769 326 1823 dici
361 1771 591 1839 potuisse
630 1772 683 1823 et
718 1786 822 1823 non
856 1771 1084 1839 potuisse
1121 1771 1302 1825 refelli.

275 1941 299 1980 7
305 1940 356 1980 53
401 1939 657 1980 Priscianus
674 1941 732 1980 II
747 1938 828 1982 34:
870 1941 916 1980 in
955 1941 1133 1982 eodem
1174 1941 1346 1992 [Ovidio
1376 1934 1747 1993 301‘Inachides'‚
1784 1941 1901 1981 Ionis
1946 1941 2065 1981 filius
2108 1940 2220 1991 Epa·

135 2009 259 2061 phus,
303 2022 412 2061 quae
455 2009 551 2050 filia
587 2010 670 2050 fuit
698 2011 870 2054 Inachi:
911 2006 1042 2052 ‘Non
1078 2012 1224 2052 tulit
1261 2012 1550 2053 Inachides
1583 2012 1843 2063 [inachiades
1863 2013 1916 2062 R]
1946 2011 2220 2062 matrique

133 2078 208 2120 ait
236 2081 411 2120 omnia
438 2073 686 2122 demens’.

275 2233 360 2279 742
391 2247 465 2278 om
494 2234 531 2286 (i
548 2248 625 2290 my
644 2245 720 2287 m,
748 2235 768 2278 i
788 2234 805 2278 l
831 2239 886 2287 η)
910 2248 937 2278 ε
957 2235 1015 2288 Ο,
1045 2236 1119 2279 del
1147 2235 1201 2279 de
1226 2235 1291 2280 Ου
1309 2239 1423 2292 poet
1447 2249 1479 2291 p
1500 2236 1561 2281 95
1578 2236 1816 2280 Hartman
1860 2238 1875 2289 ss
1924 2235 2108 2291 delapsa
2129 2249 2156 2291 ς
2174 2233 2221 2278 R

133 2331 318 2378 diducta
337 2348 364 2389 ς
396 2332 412 2391 ΙΙ
446 2332 690 2378 assumitur
709 2334 747 2376 h
767 2333 788 2375 l
807 2345 843 2387 9
862 2345 904 2376 n
933 2347 960 2388 ς
1048 2334 1132 2379 743
1160 2302 1282 2379 5035
1310 2349 1337 2378 ε
1365 2335 1454 2379 nisi
1483 2334 1631 2392 forme
1659 2334 1830 2378 candor
1858 2335 1879 2377 l
1906 2346 1943 2388 y
2030 2334 2114 2378 744
2144 2332 2219 2377 of-

133 2401 242 2447 ficiu
264 2415 353 2459 que
373 2416 400 2447 ε
428 2403 629 2461 nympha
647 2418 675 2459 ς
706 2401 722 2457 ΙΙ
759 2408 967 2448 contorta
992 2406 1030 2447 h
1117 2405 1200 2449 745
1219 2405 1462 2462 timuitque
1482 2406 1579 2459 (tim
1592 2408 1703 2461 post
1721 2408 1814 2458 ras)
1844 2419 1871 2449 ε
1973 2405 2057 2448 746
2085 2404 2220 2447 inter-

133 2473 273 2518 missa
288 2474 379 2530 llll
390 2478 408 2527 l
419 2474 514 2530 llll
536 2478 791 2530 (retemptat
812 2474 902 2529 om)
925 2475 959 2530 l,
979 2474 1229 2531 intercepta
1246 2487 1275 2519 s
1316 2475 1332 2534 ΙΙ
1375 2480 1589 2520 retractat
1608 2490 1636 2532 ς
1654 2476 1737 2520 eti
1754 2489 1832 2532 my
1853 2476 1894 2518 l2
1981 2475 2062 2519 747
2074 2488 2122 2529 sq
2152 2473 2220 2517 di-

132 2545 284 2589 stinxi
312 2544 397 2598 (Pr
416 2545 502 2590 ΒΘ
521 2545 636 2590 1887
647 2559 680 2601 p
701 2545 758 2601 4),
795 2548 905 2600 post
947 2545 1081 2598 turba
1123 2545 1337 2591 incidunt
1364 2547 1498 2603 vulyo
1548 2549 1563 2604 ΙΙ
1612 2546 1802 2602 linigera
1823 2559 1849 2589 ε
1869 2547 1907 2589 h
1927 2559 1954 2600 ς
1987 2543 2219 2601 C'iofanus,

133 2613 325 2672 niligera
345 2618 504 2671 (supra
531 2630 583 2661 ra
610 2630 688 2660 ras
709 2615 762 2660 in
776 2617 855 2673 M,
886 2620 906 2658 1
937 2616 1139 2672 lanigera
1167 2631 1262 2661 aser
1283 2620 1341 2670 n)
1374 2617 1433 2670 0,
1465 2617 1665 2673 linigena
1696 2617 1727 2669 (i
1747 2617 1888 2672 prius
1906 2629 1964 2660 ea:
1984 2628 2110 2670 aper
2123 2626 2219 2666 iras,

134 2698 166 2729 n
185 2685 382 2731 alterum
401 2687 422 2731 i
438 2700 465 2730 r
483 2701 529 2731 m
549 2687 597 2736 2;
628 2686 832 2744 lanigera
850 2688 1029 2732 videtur
1047 2688 1204 2744 fuisse)
1225 2689 1284 2742 F,
1317 2687 1519 2743 niligena
1539 2689 1560 2731 l
1582 2703 1609 2743 ς
1627 2686 1832 2742 cSprotii
1849 2686 1909 2740 R,
1929 2685 2130 2742 lanigera
2149 2699 2177 2739 ς
2205 2692 2218 2741 Η

135 2756 403 2802 creberrima
431 2771 458 2802 ε
488 2759 503 2811 ΙΙ
528 2761 640 2813 post
658 2759 744 2803 747
770 2772 924 2803 versas
952 2772 1110 2802 erasus
1129 2759 1181 2802 in
1197 2760 1277 2815 M,
1309 2759 1493 2814 explicit
1520 2758 1637 2803 liber
1658 2758 1830 2815 primus
1849 2757 2073 2813 incipiunt
2101 2757 2219 2814 capi-

49 2844 56 2859 -·
135 2826 232 2871 tula
258 2826 362 2871 libri
392 2829 578 2873 secundi
606 2830 626 2874 i
653 2843 730 2886 my
769 2842 830 2874 m
872 2829 888 2883 ΙΙ
934 2829 1101 2873 librum
1142 2831 1395 2874 secundum
1426 2829 1533 2873 hinc
1574 2829 1808 2884 incipiunt
1850 2831 1941 2872 tres
1969 2828 2223 2872 Heinsiani

137 2898 220 2943 ‘148
248 2898 378 2944 Nunc
395 2901 542 2956 recepi
559 2914 616 2944 eae
636 2914 663 2945 ε
682 2902 754 2944 M
768 2903 807 2945 h
826 2914 863 2957 y
886 2917 925 2958 ς,
957 2901 1043 2959 Nic
1064 2902 1236 2956 (omnia
1254 2915 1282 2944 a
1304 2916 1350 2945 m
1372 2901 1411 2957 I,
1442 2900 1553 2957 feeit
1580 2900 1679 2956 fort
1707 2899 1856 2946 scriba
1884 2900 2014 2944 Nunc
2042 2913 2102 2944 ex
2121 2899 2220 2952 Nic)

1975 2967 2002 2991 u

136 2997 198 3050 F,
227 2996 346 3042 Hine
365 2998 425 3041 N
438 2999 505 3042 122
524 3013 551 3054 ς
571 2997 669 3043 RV
681 2999 826 3054 Jahn,
853 3001 995 3053 Hisne
1015 3006 1060 3055 (u
1090 3002 1200 3058 fuit)
1223 3002 1255 3052 l,
1286 2999 1403 3044 Huic
1433 3014 1460 3055 ς
1489 2999 1564 3043 Hs
1593 2999 1727 3055 vulyo
1770 3001 1785 3056 ΙΙ
1833 2998 2219 3055 epaphis—desi-

134 3067 256 3112 mine
285 3081 313 3111 ε
341 3067 399 3111 de
428 3069 649 3125 sanguine
678 3071 989 3127 cAryentinus
1132 3073 1214 3117 749
1242 3075 1480 3127 parentum
1511 3073 1641 3123 (corr)
1670 3071 1743 3114 M
1765 3070 1966 3126 parentis
1993 3070 2220 3114 cCantabr

137 3137 219 3182 751
229 3151 279 3193 sq
308 3150 441 3195 quem
464 3140 709 3196 quomdam
732 3166 786 3173 —
806 3142 1050 3199 superbum
1079 3145 1198 3186 reeta
1221 3142 1342 3186 linea
1372 3156 1400 3185 a
1430 3156 1476 3184 m
1498 3141 1539 3192 2,
1569 3140 1705 3186 ndam
1727 3165 1782 3173 —
1802 3140 2063 3197 loquentem
2083 3141 2102 3184 i
2121 3148 2161 3192 r)
2182 3142 2219 3184 Ιι

137 3207 215 3253 751
248 3207 481 3264 phaethon
520 3225 548 3266 ς
575 3210 700 3255 Plan
750 3211 826 3257 VA
856 3212 1030 3270 Reyius
1059 3212 1231 3269 pheton
1275 3213 1484 3268 (semper)
1523 3225 1550 3255 ε
1589 3210 1634 3254 Ο
1664 3213 1702 3255 h
1732 3213 1752 3254 l
1782 3226 1809 3267 ς
1838 3211 1884 3256 R
1912 3210 2101 3267 phoeton
2130 3212 2185 3254 F
2204 3213 2218 3265 Η

137 3276 312 3322 Pheton
341 3279 437 3324 sole
465 3285 590 3325 satus
620 3297 647 3337 ς
810 3284 894 3328 752
923 3284 1178 3328 credentem
1217 3297 1244 3327 ε
1280 3282 1530 3334 cledentem
1561 3287 1599 3334 (r
1625 3287 1745 3333 eras)
1779 3282 1824 3325 O
1987 3282 2070 3326 754
2109 3282 2218 3325 ima-

137 3348 245 3404 gine
271 3349 377 3394 fulsi
407 3351 628 3406 genitoris
658 3354 696 3396 h
859 3355 944 3399 755
971 3353 1258 3410 Erubuitque
1286 3352 1459 3409 pheton
1488 3354 1544 3396 F
1714 3353 1798 3398 756
1830 3351 2039 3396 climinen
2070 3365 2096 3395 ε
2126 3350 2217 3408 cly-

53 3454 62 3463 .
137 3419 290 3464 minen
308 3421 364 3464 F
383 3419 598 3465 aclimene
618 3424 656 3466 h
694 3423 710 3478 ΙΙ
752 3424 953 3469 conuitia
983 3439 1010 3468 ε
1097 3425 1178 3469 757
1200 3423 1421 3479 Quodque
1442 3438 1469 3479 ς
1506 3423 1521 3482 ΙΙ
1565 3423 1763 3480 genitrix
1783 3424 1861 3475 (sie
1884 3422 1930 3465 0
1950 3424 2011 3473 F)
2033 3422 2096 3465 ait
2114 3421 2217 3466 illae

523 3479 592 3519 en²

40 3523 42 3526 ’
138 3544 179 3585 ε,
222 3531 300 3575 ille
329 3545 401 3575 om
430 3535 482 3583 h,
511 3534 588 3579 ille
617 3536 638 3578 l
681 3537 695 3591 ss
734 3548 789 3579 en
819 3548 908 3592 ego
938 3537 1081 3580 ccPar
1109 3551 1136 3592 ς
1299 3536 1383 3580 758
1411 3535 1543 3580 ferox
1585 3536 1605 3579 i
1642 3536 1658 3579 l
1700 3536 1793 3580 add
1821 3536 1894 3578 Γ2
2029 3534 2113 3579 759
2141 3533 2217 3587 Est

991 3607 1117 3648 negari

139 3645 230 3689 add
257 3659 304 3689 m
323 3645 367 3692 2·
397 3645 485 3690 dici
514 3648 586 3690 M
622 3646 638 3702 ss
679 3646 831 3692 referri
865 3661 892 3692 ε
922 3663 961 3704 ς,
992 3648 1148 3693 referri
1178 3663 1205 3704 ς
1238 3647 1405 3701 Burm,
1438 3647 1594 3704 repelli
1624 3662 1651 3703 ς

2247 768 2453 809 Phaethon
2461 795 2470 807 .
