2580 4088
101 374 301 416 Tiresias.

354 223 455 272 106
1064 227 1272 273 Tiresias.
1303 227 1553 272 Narcissus.
1584 226 1726 272 Echo.

492 367 737 435 Dumque
775 383 837 421 ea
872 383 963 435 per
999 370 1165 423 terras
1204 368 1354 421 fatali
1389 369 1504 435 lege
1542 371 1792 436 geruntur

350 452 568 519 tutaque
605 452 687 505 bis
725 453 888 521 geniti
926 455 1050 506 sunt
1084 453 1401 506 incunabula
1437 453 1646 519 Bacchi,

350 534 481 589 forte
516 536 694 590 Iovem
730 539 1023 590 memorant
1060 536 1308 590 diffusum
1343 538 1554 591 nectare
1592 554 1743 593 curas

351 622 641 689 seposuisse
679 623 849 689 gravis
886 636 1155 689 vacuaque
1193 622 1418 689 agitasse
1455 622 1702 677 remissos

351 722 474 760 cum
509 706 710 760 Iunone
747 707 887 759 iocos
925 708 978 758 et
1010 702 1197 759 ‘maior
1233 708 1405 760 vestra
1441 707 1670 776 profecto
1707 711 1801 774 est,
2375 719 2449 762 820

352 808 511 859 quam
550 807 681 859 quae
721 791 976 858 contingit
1011 786 1265 845 maribus'
1309 792 1498 845 dixisse
1528 792 1821 862 ‘voluptas'

349 875 442 929 illa
478 878 650 943 negat.
721 876 919 944 placuit
956 891 1088 942 quae
1126 877 1196 929 sit
1235 877 1495 930 sententia
1532 877 1670 931 docti

352 977 596 1029 quaerere
633 959 883 1014 Tiresiae:
923 958 1100 1014 Venus
1137 961 1259 1014 huic
1295 963 1407 1014 erat
1442 963 1662 1030 utraque
1699 964 1836 1017 nota.

349 1061 473 1099 nam
512 1046 613 1099 duo
650 1061 962 1112 magnorum
997 1045 1149 1099 viridi
1187 1048 1429 1099 coeuntia
1465 1048 1594 1101 silva

350 1146 562 1199 corpora
599 1131 899 1198 serpentum
936 1131 1112 1184 baculi
1147 1131 1430 1185 violaverat
1464 1132 1575 1185 ictu
2379 1144 2453 1185 325

351 1215 516 1282 deque
553 1216 660 1268 viro
698 1214 870 1268 factus
909 1214 1186 1281 (mirabile)
1225 1215 1421 1269 femina
1461 1218 1662 1285 septem

350 1301 526 1367 egerat
561 1302 866 1361 autumnos;
905 1301 1086 1354 octavo
1123 1317 1305 1354 rursus
1343 1301 1555 1354 eosdem

347 1385 480 1438 vidit
516 1387 570 1438 et
602 1380 705 1438 ‘est
740 1386 942 1438 vestrae
980 1386 1025 1438 si
1061 1387 1212 1439 tanta
1247 1387 1481 1454 potentia
1515 1385 1718 1455 plagae‘

350 1470 490 1535 dixit,
523 1465 606 1523 ‘ut
643 1471 869 1523 auctoris
905 1472 1097 1524 sortem
1132 1471 1187 1523 in
1226 1472 1486 1524 contraria
1520 1473 1705 1536 mutet,

348 1571 490 1608 nunc
529 1571 734 1623 quoque
777 1570 865 1608 vos
902 1555 1119 1609 feriam.'
1191 1557 1452 1625 percussis
1490 1558 1749 1624 anguibus
1785 1556 1954 1610 isdem
2380 1566 2455 1608 330

350 1639 520 1693 forma
555 1640 694 1709 prior
729 1641 883 1693 rediit
922 1641 1263 1709 genetivaque
1300 1642 1443 1695 venit
1476 1643 1664 1710 imago,

490 1726 702 1779 Arbiter
737 1726 825 1778 hic
861 1726 1023 1794 igitur
1059 1728 1303 1795 sumptus
1340 1727 1403 1781 de
1440 1727 1531 1781 lite
1568 1728 1742 1781 iocosa

350 1810 490 1863 dicta
526 1810 664 1863 Iovis
701 1810 900 1864 firmat:
941 1812 1150 1879 gravius
1189 1811 1435 1865 Saturnia
1470 1813 1607 1866 iusto

348 1911 447 1949 nec
482 1912 574 1964 pro
611 1896 829 1949 materia
863 1896 1028 1949 fertur
1065 1897 1290 1950 doluisse
1329 1897 1513 1965 suique

347 1981 533 2034 iudicis
572 1983 783 2034 aeterna
821 1981 1090 2035 damnavit
1125 1982 1327 2035 lumina
1363 1984 1531 2036 nocte.
1968 1985 1970 1987 ’
2382 1990 2456 2032 335

349 2067 407 2118 at
442 2067 591 2134 pater
627 2067 954 2134 omnipotens
994 2068 1181 2134 (neque
1221 2067 1362 2120 enim
1397 2067 1522 2120 licet
1557 2067 1715 2120 inrita
1751 2067 1998 2135 cuiquam

348 2151 490 2204 facta
528 2151 610 2204 dei
647 2150 835 2204 fecisse
874 2151 987 2215 deo)
1026 2167 1118 2220 pro
1155 2152 1355 2205 lumine
1393 2153 1637 2221 adempto

349 2236 480 2288 scire
518 2233 700 2288 futura
737 2235 882 2289 dedit
918 2252 1246 2305 poenamque
1282 2237 1472 2290 levavit
1508 2237 1714 2291 honore.

492 2365 632 2415 3183q
662 2366 771 2404 Lact
799 2366 905 2405 Plac
938 2366 1079 2405 Gomm
1109 2366 1158 2405 in
1189 2365 1287 2405 Stat
1319 2367 1427 2406 Theb
1442 2368 1501 2406 II
1519 2364 1599 2407 95:
1631 2369 1695 2405 est
1724 2369 1768 2405 et
1796 2364 1882 2405 alia
1910 2364 2011 2405 talis
2040 2364 2208 2406 fabula:
2238 2364 2285 2403 in
2314 2366 2458 2405 monte

349 2435 547 2487 Cyllenio
566 2435 754 2475 Tiresias
774 2435 982 2477 dracones
1004 2440 1206 2477 coeuntes
1227 2436 1413 2476 calcasse
1434 2436 1620 2477 dicitur:
1652 2436 1706 2476 ob
1735 2435 1782 2476 id
1812 2436 1858 2475 in
1887 2435 2082 2476 mulieris
2102 2434 2286 2487 figuram
2306 2446 2458 2475 uersus

349 2509 427 2558 est,
457 2509 507 2546 ut
537 2505 775 2546 Ouidius
806 2507 952 2548 refert.

493 2578 574 2618 335
607 2578 732 2617 Carm
762 2579 878 2630 epiqr
907 2576 1019 2624 428,
1050 2577 1112 2619 10
1132 2581 1192 2619 B:
1223 2578 1277 2617 in
1308 2581 1581 2619 aeternam
1610 2577 1759 2619 mersit
1787 2589 1866 2618 sua
1894 2577 2105 2617 lumina
2133 2579 2352 2617 noctem.

1788 2645 1819 2680 12

490 2689 580 2734 316
606 2701 689 2745 per
716 2688 880 2734 thebas
900 2689 1075 2734 cMedie
1116 2691 1130 2745 ΙΙ
1170 2688 1379 2733 feruntur
1398 2704 1425 2745 ς
1445 2688 1492 2733 R
1595 2689 1681 2734 317
1712 2688 1838 2745 genti
1858 2689 1930 2732 M
2041 2686 2130 2732 318
2158 2687 2378 2740 memor(a
2396 2701 2452 2731 eae

349 2766 444 2814 emt
462 2761 534 2805 M
572 2761 585 2815 ΙΙ
627 2773 786 2805 causas
809 2764 954 2813 (curas
974 2760 1143 2804 amoris
1162 2767 1272 2814 eser)
1295 2761 1327 2811 l,
1359 2773 1488 2804 curas
1518 2760 1538 2804 i
1556 2774 1633 2816 my
1654 2761 1721 2804 bis
1752 2760 1793 2803 l2
1816 2762 1860 2804 et
1889 2759 1930 2802 l³
2061 2757 2151 2803 319
2169 2756 2456 2814 Deposuisse

353 2831 441 2886 (uel
486 2831 756 2887 Seposuisse
798 2846 894 2876 eser
922 2835 966 2886 s)
998 2844 1027 2875 e
1055 2845 1096 2885 s,
1142 2831 1202 2876 Se
1244 2831 1453 2887 posuisse
1480 2831 1517 2883 f
1559 2832 1573 2887 ΙΙ
1637 2831 1792 2887 grauis
1836 2844 1876 2886 ε,
1917 2842 2084 2885 graues
2128 2831 2218 2873 eett
2259 2828 2395 2886 vulyo
2440 2828 2456 2884 ΙΙ

349 2914 639 2958 vacuumque
667 2902 737 2945 Pr
767 2901 853 2946 ΒΘ
884 2902 1001 2947 1887
1016 2916 1054 2958 p
1086 2903 1143 2946 17
1169 2903 1339 2947 conieci
1508 2902 1597 2948 320
1639 2901 1786 2946 malos
1823 2906 1977 2945 uestra
2015 2898 2263 2956 prophecto
2309 2905 2380 2944 cst
2413 2913 2454 2953 ε,

348 2971 575 3028 profect(o
605 2986 662 3016 eae
693 2977 736 3026 a)
765 2974 838 3017 M
947 2973 1029 3018 321
1065 2973 1302 3030 Quamque
1320 2973 1394 3017 M
1430 2974 1443 3029 ΙΙ
1486 2986 1575 3029 que
1603 2973 1624 3016 i
1650 2987 1677 3016 r
1705 2985 1748 3016 η
1790 2973 1803 3027 ΙΙ
1846 2971 2042 3028 contigit
2070 2972 2121 3024 h,
2152 2969 2400 3026 contigerit
2426 2982 2455 3015 8

349 3042 468 3098 eUps
497 3057 537 3098 ς,
569 3044 806 3099 contingat
836 3058 863 3099 ς
893 3044 968 3087 Hs
988 3044 1124 3101 vulyo
1145 3044 1256 3089 olim
1384 3044 1471 3090 322
1501 3044 1562 3089 sit
1590 3058 1612 3088 s
1635 3044 1651 3088 l
1677 3043 1771 3088 add
1791 3044 1865 3088 M
1982 3041 2071 3088 323
2099 3041 2346 3096 Quaereret
2371 3042 2453 3099 llll!

349 3125 496 3156 uenus
526 3127 553 3157 ε
603 3114 617 3168 ΙΙ
667 3113 867 3171 tyresiae
900 3114 960 3168 Ο,
1004 3114 1211 3177 thyresiq
1251 3128 1280 3159 e
1330 3117 1344 3171 ΙΙ
1394 3115 1500 3160 huic
1543 3130 1600 3159 ex
1637 3114 1725 3159 huc
1768 3115 1841 3159 M
1886 3115 1900 3169 ΙΙ
1951 3126 2097 3158 uenus
2140 3117 2239 3157 erat
2279 3111 2386 3158 huic
2424 3112 2462 3165 t*

349 3183 437 3230 326
469 3183 652 3237 (factum
682 3184 888 3229 mirabile
903 3185 930 3238 1)
960 3185 1238 3232 FrVollmer
1371 3186 1458 3232 327
1488 3190 1568 3230 aut
1596 3191 1733 3231 tunos
1764 3199 1807 3242 ε,
1838 3189 2060 3229 aucti-mos
2092 3185 2113 3228 l
2225 3182 2373 3239 328&
2406 3188 2452 3227 ct

350 3255 370 3298 i
397 3268 420 3297 r
450 3255 470 3297 l
511 3255 524 3309 ΙΙ
562 3258 608 3298 et
638 3254 676 3297 ‘o
706 3260 888 3300 vestrae
917 3256 992 3300 Hs
1033 3258 1047 3312 ΙΙ
1089 3262 1160 3301 est
1188 3262 1368 3302 uestrae
1397 3258 1436 3302 si
1464 3262 1496 3301 t.
1527 3270 1572 3313 p.
1603 3257 1767 3313 plagae
1795 3259 1839 3300 et
1870 3255 2067 3300 auctoris
2096 3268 2130 3299 s.
2161 3254 2209 3298 in
2239 3267 2276 3299 c.
2305 3258 2453 3299 mutet

351 3328 514 3380 transp
540 3325 577 3377 f
610 3326 623 3380 11
665 3326 831 3370 actoris
860 3340 887 3370 ε
1000 3327 1089 3373 330
1119 3328 1338 3384 percussis
1366 3330 1405 3382 (s
1436 3332 1552 3381 eras)
1578 3328 1651 3372 M
1689 3327 1702 3382 ΙΙ
1752 3326 1930 3371 hisdem
1961 3326 1995 3382 β
2024 3326 2098 3369 M
2214 3324 2297 3371 331
2331 3323 2451 3370 redit

346 3397 382 3448 f
425 3397 438 3451 ΙΙ
480 3395 777 3452 genitiuaque
806 3410 833 3440 ε
864 3398 898 3453 β
931 3397 976 3440 O
1008 3399 1040 3452 l,
1071 3412 1312 3455 genuaque
1341 3399 1554 3444 cGronov
1589 3400 1603 3454 ΙΙ
1644 3397 1936 3455 genuinaque
1955 3396 2136 3441 reddita
2163 3396 2319 3452 imago
2347 3395 2452 3440 coni

2093 3462 2115 3487 Θ

350 3493 438 3548 Hs,
468 3499 620 3552 genet.
650 3508 804 3539 rursus
834 3496 988 3553 imago
1019 3512 1046 3554 ς
1077 3498 1152 3542 Hs
1182 3501 1227 3543 et
1254 3513 1277 3542 e
1306 3499 1410 3542 coni
1437 3496 1635 3554 Bentley
1748 3496 1836 3541 332
1863 3495 2060 3552 Arbitur
2087 3494 2162 3539 hic
2189 3494 2252 3552 ig.
2282 3497 2448 3551 (sump-

351 3570 425 3608 tus
455 3569 543 3615 om)
575 3565 632 3609 de
662 3565 691 3608 1.
719 3565 835 3618 ioc(0
867 3581 922 3611 ex
943 3568 1036 3622 a)fa
1066 3583 1093 3612 ε
1207 3569 1295 3615 333
1323 3569 1477 3625 grauis
1498 3571 1628 3619 (corr)
1648 3568 1721 3611 M
1757 3568 1770 3622 ΙΙ
1819 3566 1943 3612 iusto
1973 3568 1993 3612 i
2019 3581 2046 3610 r
2074 3566 2133 3610 h²
2245 3564 2334 3611 336
2353 3577 2448 3609 om-

351 3635 578 3691 nipudens
607 3637 704 3688 (sub
734 3638 912 3692 pudens
944 3639 1123 3684 litterae
1151 3640 1375 3695 quaedam
1405 3639 1619 3683 evanidae
1651 3638 1810 3691 latent)
1839 3638 1900 3681 N
2063 3637 2148 3683 337
2179 3636 2383 3693 adempit
2419 3649 2447 3680 ε

349 3705 437 3750 338
466 3706 773 3762 damnumque
805 3708 991 3755 Siebelis
1040 3711 1054 3765 Η
1104 3709 1303 3755 honores
1333 3723 1360 3753 ε
