2580 4088
361 228 464 276 502
1301 228 1502 281 Hecuba.

2556 419 2558 421 v
2503 0 2580 399 *una-um

360 387 426 425 ne
463 370 648 426 facite!
686 373 848 439 utque
885 386 1065 424 meum
1104 387 1208 423 non
1246 371 1315 423 sit
1355 370 1466 422 sine
1505 370 1696 424 honore
1734 370 2031 438 sepulcrum

359 456 531 524 placet
565 454 830 509 Achilleos
866 457 1099 508 mactata
1136 454 1401 522 Polyxena
1435 453 1669 507 manesl’

502 540 657 605 Dixit,
701 541 754 593 et
787 540 960 592 inmiti
998 539 1150 591 sociis
1187 539 1490 606 parentibus
1528 539 1744 592 umbrae

360 625 509 693 rapta
547 625 665 677 sinu
699 625 899 684 matriti,
940 639 1099 691 quam
1134 623 1241 675 iam
1277 639 1435 692 prope
1472 623 1582 676 sola
1617 622 1838 690 fovebat,
2385 634 2459 678 450

361 709 509 762 fortis
546 711 598 762 et
633 708 813 762 infelix
850 710 902 761 et
937 709 1055 776 plus
1095 723 1255 775 quam
1290 707 1487 761 femina
1522 708 1664 776 virgo

365 794 573 847 ducitur
610 793 675 846 ad
712 793 978 845 tumulum
1017 792 1229 859 diroque
1266 792 1327 845 fit
1362 792 1534 846 hostia
1570 793 1741 846 busto,

364 893 495 946 quae
533 893 732 930 memor
766 878 880 945 ipsa
916 877 997 929 sui
1033 879 1311 945 postquam
1349 877 1647 931 crudelibus
1684 878 1787 931 aris

365 962 574 1015 admota
610 963 691 1015 est
727 961 992 1029 sensitque
1030 962 1131 1014 sibi
1168 962 1279 1015 fera
1315 978 1463 1015 sacra
1499 962 1684 1031 parari,

365 1050 525 1114 utque
562 1046 964 1115 Neoptolemum
1003 1047 1233 1099 stantem
1269 1046 1569 1115 ferrumque
1606 1049 1888 1112 tenentem,
2389 1057 2463 1098 455
2546 1055 2548 1058 ’

363 1133 525 1199 utque
563 1146 656 1183 suo
693 1130 823 1184 vidit
856 1130 1106 1198 figentem
1141 1131 1344 1185 lumina
1379 1132 1544 1198 vultu,

360 1212 537 1269 ‘utere
573 1215 881 1269 iamdudum
918 1231 1165 1283 generoso
1203 1213 1502 1283 sanguinel'
1545 1216 1674 1269 dixit

360 1298 372 1315 ‘
392 1300 556 1365 (nulla
591 1317 738 1354 mora
774 1302 888 1366 est),
925 1302 1016 1354 aut
1051 1303 1112 1354 tu
1145 1302 1325 1369 iugulo
1361 1301 1443 1355 vel
1479 1304 1685 1370 pectore
1722 1303 1890 1355 telum

367 1386 528 1439 conde
564 1402 681 1439 meo
697 1385 737 1438 !'
812 1387 1172 1455 (iugulumque
1210 1386 1369 1440 simul
1405 1388 1691 1456 pectusque
1727 1388 1933 1450 retexit)

363 1470 375 1488 ‘
395 1471 593 1524 scilicet
628 1471 769 1523 haud
805 1471 900 1524 ulli
937 1471 1125 1525 servire
1163 1472 1428 1540 Polyxena
1463 1472 1677 1526 vellem!
2394 1479 2468 1521 460

367 1556 508 1608 haud
545 1571 637 1624 per
672 1556 778 1609 tale
816 1571 1023 1610 sacrum
1059 1572 1258 1609 numen
1293 1557 1568 1625 placabitis
1605 1558 1799 1610 ullum!

368 1656 507 1693 mors
542 1642 750 1693 tantum
787 1642 976 1694 vellem
1011 1643 1235 1695 matrem
1271 1658 1390 1695 mea
1425 1642 1604 1695 fallere
1643 1643 1843 1711 posset!

369 1727 537 1779 mater
573 1727 722 1779 obest
756 1726 1049 1794 minuitque
1085 1727 1229 1780 necis
1267 1727 1398 1779 mihi
1434 1728 1639 1795 gaudia,
1675 1728 1912 1796 quamvis

372 1826 477 1864 non
512 1826 631 1864 mea
665 1826 807 1864 mors
844 1811 937 1877 illi,
975 1827 1157 1865 verum
1195 1827 1291 1864 sua
1326 1812 1434 1865 vita
1469 1812 1724 1879 gemenda
1761 1814 1854 1866 est.

512 2021 597 2065 447
627 2027 767 2077 utque
786 2034 961 2065 mecum
990 2035 1021 2065 τ
1050 2021 1064 2076 ΙΙ
1096 2033 1153 2064 ne
1174 2020 1234 2064 sit
1254 2019 1579 2065 Broulchusius
1692 2021 1778 2065 448
1797 2021 2010 2077 polixena
2028 2022 2102 2065 M
2125 2035 2153 2077 ς
2266 2020 2354 2066 450
2382 2033 2476 2082 quq

372 2093 407 2144 (ξ
426 2103 560 2146 quam
580 2095 689 2144 sscr)
709 2092 766 2135 εἳ
805 2091 820 2146 ΙΙ
857 2092 911 2147 cf
921 2105 1047 2134 carm
1067 2092 1198 2147 epiyr
1216 2091 1314 2142 397,
1347 2091 1371 2135 I
1476 2092 1562 2136 451
1581 2091 1757 2136 fortiter
1778 2091 1935 2136 infelix
1957 2098 2004 2136 et
2020 2092 2124 2148 plus
2147 2105 2283 2149 quam
2304 2091 2468 2146 Faber,

371 2160 506 2206 fortis
535 2164 598 2214 (at
618 2161 798 2214 infelix)
829 2169 876 2206 et
902 2161 1006 2217 plus
1029 2174 1103 2217 qu.
1124 2161 1293 2216 Burm,
1323 2161 1458 2207 fortis
1485 2169 1532 2207 et
1560 2162 1641 2206 inf.
1672 2161 1781 2207 heu!
1812 2162 1916 2218 plus
1937 2175 2011 2218 qu.
2033 2162 2183 2207 Bothe
2224 2163 2238 2219 ΙΙ
2275 2163 2365 2207 ‘sed
2388 2162 2472 2207 loci

374 2233 601 2277 sententia
629 2235 718 2276 est:
747 2232 874 2287 viryo
896 2231 1036 2287 fortis
1056 2232 1242 2287 pariter
1261 2235 1395 2287 atque
1423 2232 1610 2288 infelix,
1640 2235 1686 2277 et
1713 2234 1958 2287 utrumque
1980 2227 2169 2288 ‘quidem
2190 2233 2306 2289 plus
2333 2247 2471 2288 quam

374 2302 550 2357 femina
563 2304 574 2324 '
592 2302 723 2348 Jahn
819 2303 906 2346 454
926 2303 1156 2358 sentitque
1174 2304 1213 2347 h
1232 2301 1542 2347 Mitseherlieh
1564 2303 1579 2358 ΙΙ
1599 2302 1696 2347 fera
1715 2302 1812 2347 fata
1832 2317 1872 2358 ς,
1902 2303 2000 2347 fera
2018 2304 2140 2348 iusta
2161 2318 2189 2359 ς
2280 2303 2368 2348 455
2387 2303 2471 2348 Us-

376 2386 465 2430 que
493 2372 598 2418 Ben
627 2374 641 2429 u
669 2372 1012 2429 neoptolomum
1036 2373 1093 2416 F
1114 2386 1151 2428 9
1179 2372 1285 2417 Ben
1308 2374 1323 2429 ΙΙ
1357 2373 1459 2418 ferr.
1481 2379 1715 2430 parantem
1746 2388 1773 2429 ς
1857 2374 1944 2419 456
1963 2374 2115 2430 thue
2135 2387 2220 2419 suo
2245 2373 2291 2417 0
2313 2374 2423 2430 Fu
2440 2389 2472 2419 τ
2549 2424 2579 2434 (⁷

375 2456 412 2499 9
442 2459 469 2499 ς
497 2443 589 2498 VA,
620 2444 765 2500 Inque
795 2457 878 2488 suo
908 2446 947 2488 h
976 2456 1005 2487 e
1031 2459 1058 2500 ς
1086 2444 1218 2500 vulyo
1255 2444 1269 2500 ΙΙ
1305 2443 1475 2489 lumine
1505 2443 1659 2488 uultus
1686 2444 1760 2488 M
1782 2459 1824 2499 μ
1966 2445 2053 2489 458
2073 2445 2278 2501 parenth
2305 2445 2473 2491 statuit

375 2514 568 2558 Ehwald
591 2514 605 2570 ΙΙ
627 2518 709 2559 aut
737 2520 790 2558 tu
814 2515 882 2571 (cf
893 2515 963 2558 Pr
983 2515 1020 2558 S
1039 2515 1082 2560 G
1103 2514 1229 2568 1887,
1251 2514 1322 2567 10)
1340 2517 1387 2558 Α
1419 2533 1455 2556 ω
1488 2515 1633 2568 Jahn,
1675 2520 1723 2559 at
1750 2520 1802 2558 tu
1831 2530 1858 2571 ς
1886 2508 1961 2559 Hs
1989 2515 2123 2572 vulyo
2153 2515 2277 2572 olim,
2316 2516 2393 2561 vel
2421 2524 2472 2561 tu
2575 2569 2577 2572 Α

377 2584 525 2638 Riese,
556 2585 666 2641 quin
686 2591 737 2629 tu
756 2584 936 2629 Merkel
945 2586 975 2640 2,
1007 2598 1094 2642 age
1113 2590 1163 2629 tu
1186 2587 1279 2639 (sed
1298 2586 1352 2643 cf
1363 2586 1557 2630 eundem
1583 2586 1636 2630 in
1657 2586 1764 2642 App
1784 2599 1834 2629 cr
1852 2586 1905 2629 ed
1925 2599 2039 2643 exeq
2050 2600 2087 2642 p
2108 2586 2212 2640 407)
2231 2586 2430 2631 Ehwald
2449 2588 2466 2643 Ι
2565 2639 2568 2643 ἲ

378 2661 458 2700 aut
478 2662 528 2700 tu
548 2657 642 2712 iug.
663 2661 744 2700 aut
772 2660 824 2700 tu
841 2660 957 2712 pect.
987 2656 1040 2700 in
1059 2656 1187 2700 Mser
1205 2655 1324 2700 Diez
1345 2656 1461 2702 1075
1477 2657 1552 2700 Hs
1588 2657 1602 2712 ΙΙ
1643 2662 1759 2712 pect.
1790 2656 1959 2701 ferrum
1989 2669 2019 2701 e
2035 2658 2054 2683 ²
2082 2671 2110 2713 ς
2223 2657 2311 2702 459
2338 2657 2473 2702 simul
2570 2653 2576 2693 ἶ

378 2739 450 2770 om
479 2728 517 2771 h
685 2727 879 2778 460l461
922 2727 994 2772 del
1031 2726 1195 2772 NJhbb
1230 2727 1355 2781 1859,
1403 2728 1489 2773 640
1523 2727 1723 2780 Suehz‘er,
1768 2728 1875 2772 bene
1902 2728 1988 2784 def
2007 2727 2084 2772 Rh
2103 2728 2215 2772 Mus
2248 2727 2344 2774 NF
2357 2728 2471 2775 LV1
2571 2761 2573 2763 -

378 2797 520 2853 3613q
565 2798 706 2842 Helm
762 2799 776 2854 ΙΙ
831 2811 1012 2842 versum
1051 2798 1134 2843 461
1174 2801 1281 2854 post
1317 2799 1408 2844 465
1439 2799 1726 2855 transposuit
1760 2799 1812 2842 in
1845 2799 1901 2843 ed
1940 2797 2206 2843 Edwardsii
2242 2798 2471 2856 Postgate,
2568 2821 2572 2824 ⁴

371 2871 483 2923 post
510 2868 599 2914 468
623 2870 676 2913 in
698 2868 901 2925 parenth
935 2882 1112 2924 ponere
1145 2870 1307 2914 malim
1449 2870 1591 2925 4608q
1611 2868 1735 2913 haud.
1755 2870 1882 2923 (haut
1899 2882 1942 2913 η
1971 2885 2010 2926 ς,
2043 2870 2074 2914 (1
2092 2884 2150 2914 ex
2173 2876 2194 2914 t
2219 2869 2259 2913 h
2288 2881 2350 2914 m
2379 2869 2474 2925 1³¹²)
2532 2924 2534 2926 Ι
2571 2920 2573 2923 .

378 2940 434 2982 Χ
459 2952 519 2983 m
557 2952 614 3038 n1
631 2954 837 3039 gemam
867 2940 992 2984 Plan
1028 2940 1176 2995 Korn,
1220 2946 1300 2985 aut
1340 2940 1386 2984 0
1423 2955 1450 2997 ς
1488 2941 1564 2984 Hs
1599 2941 1732 2997 vulyo
1771 2940 1881 2984 olim
1921 2940 1936 2996 ΙΙ
1976 2940 2167 2995 nullie²
2206 2940 2221 2996 ΙΙ
2261 2939 2476 2996 polixena
2535 2926 2540 2931 ⁸

383 3053 455 3097 M
478 3067 506 3108 ς
555 3053 569 3108 ΙΙ
619 3053 780 3097 uellem
810 3054 879 3107 N,
908 3053 1072 3098 ferrem
1102 3055 1142 3098 h
1170 3069 1197 3110 ς
1226 3053 1273 3099 R
1321 3054 1336 3110 ΙΙ
1387 3054 1480 3099 scil.
1510 3059 1590 3098 aut
1626 3053 1706 3098 ulli
1736 3066 1772 3098 s.
1801 3052 1854 3098 P.
1883 3052 2048 3097 ferrem
2084 3057 2165 3096 aut
2191 3065 2274 3108 per
2301 3057 2335 3098 t.
2363 3066 2400 3097 s.
2427 3066 2473 3098 n.

382 3123 635 3179 placabitur
663 3124 803 3168 ullum
834 3127 905 3177 (ut
931 3125 995 3169 sit
1012 3138 1192 3169 sensus:
1224 3128 1332 3169 ‘non
1361 3125 1511 3181 mayis
1540 3138 1619 3181 eyo
1638 3125 1901 3169 servitutem
1921 3136 2125 3178 unquam
2144 3123 2310 3180 patiar
2337 3135 2475 3180 quam
2526 3146 2550 3187 ⁹„
2576 3183 2580 3185 -

385 3208 459 3238 vos
504 3194 590 3239 tali
632 3195 851 3251 sacrificio
888 3195 1038 3239 ullum
1077 3209 1249 3240 numen
1280 3194 1527 3252 placabitis
1540 3195 1576 3251 ⁷)
1606 3194 2034 3251 Baunzy.-Orusius,
2077 3195 2231 3238 eadem
2266 3195 2476 3239 suaserat

385 3266 455 3322 (cf
465 3264 592 3310 Mser
610 3265 728 3310 Diez
749 3265 971 3319 10721Hs
999 3267 1014 3322 ΙΙ
1050 3272 1131 3310 aut
1150 3266 1229 3310 ulli
1260 3280 1295 3311 s.
1325 3266 1375 3310 P.
1408 3265 1611 3311 vellem?
1642 3270 1721 3310 aut
1752 3278 1835 3321 per
1861 3271 1894 3309 t.
1915 3278 1950 3309 s.
1970 3278 2015 3308 n.
2035 3263 2274 3320 placabitis
2302 3261 2474 3308 ullum?

386 3337 565 3381 distinae
593 3336 796 3381 Merkel²
836 3338 851 3392 ΙΙ
891 3336 990 3381 Pol.
1020 3336 1161 3382 vellet
1194 3339 1267 3391 (ut
1300 3336 1434 3381 verba
1471 3335 1988 3393 iugulumque—vellet
2024 3335 2122 3379 sint
2140 3337 2306 3390 poetae
2332 3333 2475 3378 inter·

389 3407 609 3463 loquentis
638 3408 690 3452 in
709 3407 928 3463 parenth)
963 3406 1158 3452 Ehwald
1328 3408 1414 3452 461
1444 3407 1597 3460 Hau(d
1630 3420 1691 3451 ex
1719 3411 1741 3451 t
1769 3421 1816 3450 m
1843 3406 1886 3459 2)
1919 3406 1982 3460 F,
2027 3406 2152 3450 Haut
2179 3419 2220 3462 ς,
2252 3404 2353 3449 Aut
2379 3405 2419 3449 h
2445 3417 2475 3461 ς
2517 3444 2540 3475 4

388 3478 463 3521 Hs
482 3478 615 3534 vulgo
644 3481 752 3523 ante
765 3478 998 3523 Kornium
1020 3479 1035 3535 ΙΙ
1057 3479 1128 3522 At
1150 3502 1162 3512 ·
1185 3491 1267 3536 per
1285 3479 1342 3523 32
1362 3480 1377 3534 ΙΙ
1398 3478 1651 3534 placabitur
1679 3478 1919 3529 (incertum
1947 3477 2084 3530 unde)
2105 3476 2181 3520 Hs
2202 3475 2336 3531 vulyo
2365 3474 2476 3520 olim
2507 3479 2539 3522 «;’·”’

389 3547 474 3592 462
503 3548 625 3593 Mors
643 3548 828 3593 tandem
847 3549 1036 3594 cBersm
1058 3551 1073 3604 u
1094 3555 1283 3594 matrem
1305 3563 1378 3594 om
1400 3550 1507 3603 (add
1527 3563 1573 3592 m
1592 3548 1640 3602 2)
1657 3563 1700 3604 μ
1720 3548 1735 3604 ΙΙ
1756 3561 1859 3593 mea
1886 3553 2075 3592 matrem
2096 3562 2124 3603 ς
2145 3547 2160 3603 ΙΙ
2181 3559 2304 3591 mors
2323 3551 2477 3590 tamen
2508 3507 2539 3615 {-

390 3617 501 3662 haec
520 3618 683 3663 vellem
704 3633 804 3664 mea
832 3627 1020 3665 matrem
1042 3619 1195 3664 Burm
1217 3621 1231 3676 ΙΙ
1252 3633 1376 3665 mors
1397 3624 1574 3664 tantum
1604 3625 1762 3675 posset
1782 3618 1943 3664 vellem
1972 3631 2074 3663 mea
2102 3617 2259 3662 fallere
2287 3621 2475 3661 matrem
2524 3616 2534 3668 ’,

392 3686 537 3731 Bothe
639 3689 729 3734 463
756 3692 1023 3747 monuitque
1042 3691 1121 3747 M,
1152 3691 1231 3743 m(i
1261 3691 1324 3735 ir
1345 3705 1392 3734 m
1410 3690 1649 3746 2)nuitque
1676 3690 1731 3733 N
1829 3689 1915 3734 464
1943 3702 2045 3734 mea
2074 3701 2173 3733 sors
2191 3685 2366 3731 cMedic
2382 3684 2431 3731 R
2450 3684 2475 3742 Ι
2515 3704 2545 3750 ,j-

2501 3933 2580 4058 ἔ

2512 4064 2533 4088 ,
