2580 4088
391 195 458 242 94
1332 197 1545 244 Cadmus.

388 338 497 406 ipse
535 338 686 392 modo
723 341 1020 394 inmensum
1062 341 1214 407 spiris
1252 341 1566 395 facientibus
1604 343 1783 397 orbem

389 424 631 491 cingitur,
670 420 939 479 interdum
975 425 1131 493 longa
1167 426 1312 478 trabe
1349 427 1537 479 rectior
1574 427 1761 495 adstat,

386 510 579 577 impete
616 527 756 564 nunc
792 514 937 564 vasto
975 527 1071 563 ceu
1108 510 1342 563 concitus
1380 511 1636 565 imbribus
1674 514 1842 567 amnis

386 593 550 647 fertur
586 598 639 648 et
675 597 929 649 obstantis
967 594 1239 663 proturbat
1274 597 1479 663 pectore
1518 596 1688 651 silvas.
2436 613 2488 655 80

387 680 525 732 cedit
561 681 876 748 Agenorides
912 680 1130 748 paulum
1169 680 1435 748 spolioque
1472 682 1638 735 leonis

386 766 610 818 sustinet
645 766 884 817 incursus
922 765 1275 831 instantiaque
1314 781 1402 818 ora
1438 767 1670 819 retardat

386 850 594 917 cuspide
630 851 924 918 praetenta:
962 847 1092 901 furit
1128 849 1216 902 ille
1256 851 1309 902 et
1344 850 1523 903 inania
1561 851 1688 905 duro

384 935 599 987 vulnera
637 934 726 986 dat
762 935 893 986 ferro
930 933 1149 1001 figitque
1186 935 1242 986 in
1277 936 1517 988 acumine
1555 937 1750 990 dentes.

383 1020 590 1086 iamque
629 1018 923 1071 venenifero
962 1018 1174 1086 sanguis
1212 1034 1427 1073 manare
1463 1021 1637 1087 palato
2432 1035 2483 1077 85

384 1106 625 1173 coeperat
662 1105 714 1157 et
750 1103 937 1157 virides
976 1104 1280 1172 adspergine
1317 1104 1544 1158 tinxerat
1579 1107 1767 1159 herbas
1777 1123 1790 1170 ;

384 1191 476 1244 sed
513 1191 623 1243 leve
662 1189 852 1242 vulnus
891 1193 1016 1254 erat,
1055 1191 1178 1257 quia
1215 1206 1271 1243 se
1307 1191 1607 1244 retrahebat
1641 1192 1706 1244 ab
1743 1192 1851 1244 ictu

380 1276 623 1342 laesaque
663 1275 796 1327 colla
834 1273 992 1327 dabat
1027 1277 1164 1327 retro
1201 1275 1514 1343 plagamque
1553 1276 1730 1329 sedere

381 1360 609 1413 cedendo
647 1361 857 1412 arcebat
892 1375 990 1413 nec
1027 1360 1233 1426 longius
1269 1361 1343 1413 ire
1382 1361 1599 1425 sinebat,

381 1446 542 1498 donec
577 1445 895 1512 Agenorides
933 1445 1227 1498 coniectum
1262 1446 1317 1497 in
1356 1448 1564 1524 gutture
1602 1445 1798 1499 ferrum
2428 1458 2480 1499 90

380 1547 545 1598 usque
583 1546 806 1598 sequens
842 1531 1045 1598 pressit,
1084 1530 1210 1583 dum
1246 1532 1383 1583 retro
1423 1547 1643 1598 quercus
1681 1531 1826 1584 eunti

379 1616 581 1669 obstitit
617 1619 670 1669 et
704 1615 806 1668 fixa
842 1617 923 1668 est
958 1615 1151 1683 pariter
1188 1632 1310 1669 cum
1346 1617 1526 1669 robore
1565 1616 1747 1669 cervix.

377 1701 601 1768 pondere
640 1701 894 1768 serpentis
932 1702 1146 1753 curvata
1184 1703 1263 1754 est
1299 1702 1451 1754 arbor
1489 1703 1541 1754 et
1576 1702 1713 1754 imae

378 1787 522 1854 parte
559 1785 812 1852 flagellari
848 1786 1049 1853 gemuit
1086 1801 1181 1839 sua
1216 1787 1403 1839 robora
1441 1787 1651 1840 caudae.

520 1871 661 1923 Dum
699 1871 927 1938 spatium
963 1872 1126 1924 victor
1162 1871 1289 1924 victi
1326 1872 1619 1925 considerat
1654 1871 1833 1936 hostiS,
2427 1881 2477 1922 95

378 1973 473 2010 vox
511 1956 684 2008 subito
723 1955 903 2008 audita
940 1958 1022 2008 est
1059 1958 1248 2023 (neque
1286 1959 1397 2010 erat
1435 1973 1742 2024 cognoscere
1779 1957 2078 2025 promptum

519 2171 573 2212 79
608 2171 865 2211 Priscianus
902 2171 967 2210 VI
993 2168 1074 2210 55:
1097 2162 1294 2220 ‘impeto‚
1325 2166 1466 2222 impes
1496 2161 1688 2222 impetis’
1722 2193 1776 2198 —
1807 2169 2040 2211 Ovidius
2076 2169 2123 2209 in
2153 2170 2221 2209 111
2250 2172 2473 2210 metamor-

375 2244 583 2295 phoseon:
630 2242 837 2292 Impete
874 2253 1016 2297 nunc
1052 2245 1224 2293 vasto,
1257 2254 1338 2292 pro
1362 2234 1568 2293 ‘impetu’
1621 2240 1635 2295 Η
1689 2243 1915 2283 Charisius
1942 2244 2042 2282 Inst
2074 2243 2135 2282 Gr
2162 2244 2274 2283 IIII
2298 2242 2413 2292 (Keil
2447 2242 2478 2281 I

375 2313 510 2364 279):
557 2313 796 2358 Antithesis
827 2315 890 2351 est
919 2311 1089 2351 litterae
1119 2324 1199 2362 pro
1229 2311 1377 2352 littera
1404 2311 1646 2364 inmutatio,
1678 2317 1728 2352 ut
1752 2306 1985 2364 ‘Impete
2021 2323 2163 2352 nunc
2199 2315 2350 2353 vasto
2379 2322 2474 2351 ceu

375 2397 409 2425 c.
441 2386 469 2426 i.
507 2374 694 2423 amnis’
725 2395 805 2435 pro
834 2383 1000 2433 impetu
1041 2381 1054 2435 Η
1096 2384 1316 2424 Diomedes
1343 2386 1431 2424 Ars
1466 2385 1526 2424 Gr
1554 2386 1612 2424 II
1636 2385 1751 2435 (Keil
1779 2387 1811 2424 I
1837 2383 1968 2434 442):
2002 2382 2236 2423 Antithesis
2265 2386 2329 2423 est
2357 2383 2473 2423 litte-

374 2468 445 2495 rae
466 2454 741 2504 conmutatio,
765 2458 815 2493 ut
844 2450 1050 2505 ‘Inpete
1080 2448 1478 2494 nunc—amnis'
1495 2470 1506 2509 ;
1536 2455 1695 2507 impete
1715 2455 1880 2495 dictum
1901 2458 1965 2495 est
1984 2467 2064 2506 pro
2083 2455 2250 2506 impetu
2271 2452 2286 2507 Η
2310 2455 2468 2506 [Probi]

373 2529 436 2566 De
479 2527 649 2567 ultimis
677 2526 859 2577 syllabis
887 2526 1053 2566 XVIII
1076 2523 1135 2566 13
1166 2526 1281 2576 (Keil
1309 2528 1382 2567 IV
1405 2524 1535 2576 264):
1567 2525 1806 2566 Antithesis
1836 2530 1900 2566 est
1929 2526 2099 2565 litterae
2128 2537 2207 2576 pro
2233 2525 2379 2565 littera
2405 2524 2470 2564 in-

374 2597 566 2648 mutatio,
598 2601 646 2636 ut
676 2589 1169 2648 ‘Impete-—amnis’
1224 2596 1237 2650 Η
1288 2598 1488 2638 Isidorus
1522 2598 1625 2650 Oriy
1643 2599 1675 2637 I
1701 2595 1762 2638 34
1791 2596 1896 2648 (35),
1933 2596 1960 2637 6
1988 2597 2188 2638 Lindem:
2233 2595 2473 2636 Antithesis

374 2668 678 2719 contrapositio
715 2669 867 2708 literae
904 2680 985 2719 pro
1016 2667 1102 2707 alia
1131 2667 1274 2720 litera,
1314 2671 1385 2708 ut:
1417 2661 1633 2720 ‘impete
1663 2659 1834 2709 vasto'
1864 2680 1941 2720 pro
1970 2667 2136 2718 impetu
2186 2665 2200 2719 Η
2251 2667 2392 2707 Silius
2420 2667 2478 2706 II

373 2737 489 2780 243:
520 2744 762 2779 contortum
792 2740 990 2790 impete
1021 2742 1171 2779 vasto
1201 2738 1346 2781 robur.
1404 2736 1415 2744 “

516 2920 571 2964 78
602 2926 725 2965 recta
753 2921 883 2966 trabe
911 2920 1051 2976 cUps,
1084 2921 1252 2965 rectius
1282 2934 1318 2976 9
1359 2922 1373 2976 Η
1421 2920 1587 2964 rectior
1617 2919 1711 2964 exit
1739 2935 1767 2975 ς
1795 2919 1869 2963 Hs
1898 2919 2032 2976 vulgo
2063 2918 2185 2971 olim,
2217 2922 2344 2962 extat
2371 2915 2423 2973 ς*
2441 2929 2471 2961 8
2547 2927 2552 2929 ’
2576 2916 2578 2918 ’

371 2990 488 3046 oUps
510 3009 546 3032 ω
567 2991 698 3036 Jahn
813 2992 869 3037 79
896 2993 1093 3048 Impet(0
1118 3006 1175 3036 ex
1205 3005 1231 3036 e
1258 3006 1305 3035 m
1324 2991 1369 3045 3)
1391 2992 1411 3034 l
1433 2991 1446 3046 Η
1486 3004 1567 3035 seu
1597 2990 1801 3034 concitus
1830 2990 1976 3033 amnis
2005 2988 2063 3033 ab
2093 2988 2239 3032 imbre
2266 2986 2471 3043 esprotii
2538 2985 2551 3046 ξ
2574 3005 2580 3008 ⁴

370 3061 428 3105 80
458 3061 684 3106 obstantis
711 3064 780 3117 N,
832 3064 1072 3107 obstantes
1100 3074 1143 3106 n
1172 3065 1261 3107 cett
1297 3062 1431 3118 vulgo
1497 3062 1510 3117 Η
1567 3060 1781 3118 pertubat
1809 3075 1860 3118 y,
1900 3061 1920 3103 l
1950 3075 1977 3116 ς
2008 3078 2044 3101 ω
2096 3059 2111 3115 Η
2159 3057 2396 3115 proturbat
2421 3069 2468 3114 p.

371 3132 509 3177 siluas
539 3134 559 3176 i
586 3147 611 3176 r
639 3145 699 3177 m
870 3134 927 3178 81
957 3148 1030 3178 om
1058 3134 1132 3178 M
1303 3133 1361 3179 83
1391 3131 1576 3188 Cuspite
1605 3132 1678 3175 M
1738 3132 1752 3187 Η
1822 3134 1875 3172 τὸ
1917 3127 2060 3186 δέρμα
2097 3125 2469 3187 προβεβλημένος
2533 3118 2580 3200 ᾗ

372 3202 406 3256 (i
434 3217 458 3247 e
485 3209 667 3260 tergore
694 3209 931 3259 praetento
944 3207 981 3258 ?)
1010 3205 1135 3249 Plan
1186 3205 1200 3260 Η
1252 3210 1299 3249 et
1328 3218 1401 3248 om
1431 3205 1453 3246 l
1591 3203 1650 3247 84
1678 3201 1891 3258 figit(que
1920 3202 2012 3244 add
2042 3214 2089 3244 m
2117 3199 2165 3250 2)
2197 3200 2248 3252 h,
2276 3197 2467 3253 frangit·
2539 3208 2551 3236 r

373 3286 462 3330 que
489 3274 604 3318 cPal
631 3275 706 3318 Hs
735 3274 869 3330 vulyo
899 3274 1008 3319 olim
1143 3276 1201 3320 85
1229 3274 1434 3320 uenifero
1467 3276 1600 3328 (corr)
1631 3274 1665 3330 β
1797 3272 1853 3317 87
1884 3271 2049 3316 uolnus
2070 3282 2117 3325 p
2239 3268 2297 3313 88
2326 3266 2468 3312 dabat
2533 3253 2548 3288 ⁹
2575 3263 2580 3265 ’

370 3351 502 3401 tergo
523 3356 568 3399 p
609 3346 623 3400 Η
665 3345 855 3390 sedebat
883 3346 944 3388 N
1052 3346 1110 3390 89
1140 3346 1342 3391 Cedebat
1371 3345 1450 3399 (do
1480 3348 1589 3398 sscr)
1619 3357 1647 3388 ε
1687 3345 1701 3399 Η
1743 3342 1977 3388 caedendo
2005 3342 2078 3386 M
2195 3339 2256 3385 90
2282 3345 2466 3396 gutture
2528 3307 2580 3409 ἒ

374 3416 407 3471 β
442 3415 487 3458 O
517 3416 568 3471 ς*
598 3431 625 3471 ς
656 3434 692 3457 ω
723 3416 798 3459 Hs
827 3415 976 3472 vulyo,
1020 3422 1207 3471 guttura
1235 3432 1262 3473 ς
1291 3417 1502 3473 Bentley,
1545 3415 1734 3471 inguine
1762 3413 1829 3458 vel
1866 3413 2040 3457 uiscere
2069 3411 2147 3456 uel
2186 3409 2362 3455 uiscera
2389 3406 2467 3453 uel

369 3487 444 3531 ilia
475 3503 502 3543 ς
645 3488 697 3532 91
732 3486 804 3531 cui
834 3491 955 3530 retro
986 3501 1013 3541 ς
1135 3487 1194 3532 92
1224 3487 1394 3532 Obstiti
1415 3500 1442 3531 ε
1555 3485 1615 3531 93
1643 3490 1798 3529 curata
1827 3486 1958 3538 (corr)
1990 3483 2024 3540 β
2074 3483 2088 3538 Η
2133 3481 2314 3543 ime(ae)
2343 3478 2396 3522 A
2425 3496 2462 3519 ω
2525 3456 2546 3534 ξ

370 3558 515 3614 vuiyo,
546 3558 639 3602 ima
666 3572 720 3615 y,
765 3561 809 3603 et
837 3572 860 3602 e
888 3558 992 3601 coni
1020 3557 1132 3601 Phil
1160 3557 1386 3603 XXXVI
1408 3556 1497 3603 362
1523 3556 1764 3611 Hartuny,
1797 3557 1866 3615 τῷ
1897 3559 1975 3609 τῆς
2015 3557 2150 3610 οὐοᾶς
2180 3554 2304 3608 dacore
2337 3549 2463 3594 Plan
2524 3544 2545 3618 {3
2575 3577 2580 3580 -

368 3670 426 3714 95
455 3671 564 3715 uicti
594 3671 740 3715 uictor
767 3683 795 3714 s
831 3672 845 3727 Η
886 3638 1156 3715 consederat
1184 3683 1211 3714 ε
1355 3670 1414 3715 96
1443 3680 1749 3725 congnoscere
1779 3671 1994 3724 promptu
2023 3679 2050 3710 ε
