2580 4088
384 199 488 248 640
906 199 1130 243 Lactantii
1160 198 1333 243 Placidi
1364 199 1441 253 qui
1471 198 1636 243 dicitur
1665 198 1959 242 narrationes.

385 341 695 410 divulgavit3
753 358 911 410 quam
964 342 1028 394 ob
1084 357 1195 395 rem
1244 341 1340 394 dea
1389 356 1505 393 eam
1542 356 1574 393 a
1610 356 1665 394 se
1704 340 1961 393 alienavit.
2027 355 2158 408 quae
2195 355 2318 393 cum
2354 340 2474 394 soli-

382 427 564 480 tudine
628 427 683 479 in
746 428 894 480 litore
952 427 1311 489 oblectaretur,
1373 425 1649 493 Neptunus
1699 425 1878 492 procul
1937 425 2212 492 conspecta
2273 425 2472 479 Venere

385 513 496 565 eius
550 512 782 565 incaluit.
846 512 929 565 cui
975 527 1095 564 cum
1143 511 1249 563 vim
1287 509 1524 576 adferret,
1568 511 1633 563 ab
1672 510 1854 563 eadem
1891 510 1988 563 dea
2023 511 2231 578 propter
2266 509 2472 578 virgini-

384 601 548 650 tatem
596 597 843 650 tenaciter
895 596 1208 649 custoditam
1255 595 1310 647 in
1358 610 1507 648 avem
1550 595 1809 648 cornicem
1856 610 2103 648 conversa
2149 595 2255 660 est,
2303 595 2380 648 ita
2414 600 2475 648 ut

212 693 294 743 fab
327 689 355 732 9
386 683 579 750 templo
618 683 742 734 deae
781 682 1172 734 submoveretur
1353 680 1679 748 Nyctimene,
1716 680 1904 748 Nyctei
1940 679 2061 744 filia,
2098 679 2243 747 virgo
2274 679 2477 748 Lesbia,
2513 690 2537 730 5

384 767 548 819 nimia
590 766 804 819 libidine
852 765 1101 818 effrenata
1142 765 1198 817 in
1245 766 1406 834 patris
1442 765 1612 818 cubile
1660 781 1715 818 se
1759 765 2000 833 inplicuit
2045 764 2263 833 ideoque
2300 764 2477 819 adver-

387 852 622 903 santibus
678 851 787 903 deis
842 852 905 903 ob
962 850 1251 903 admissum
1306 850 1464 903 cessit
1516 850 1571 902 in
1625 851 1887 905 noctuam.
1947 849 2085 918 quod
2139 849 2310 903 scelus
2361 849 2474 918 ipsa

386 937 638 989 nocturno
694 938 922 1004 tempore
979 935 1207 988 occultat
1261 936 1315 987 et
1354 936 1420 987 in
1474 934 1590 988 luce
1645 936 1756 987 visa
1799 936 1864 988 ab
1903 934 2146 988 omnibus
2182 934 2476 988 volucribus

187 1033 270 1083 sab
298 1029 359 1072 10
389 1021 582 1088 petitur
619 1021 836 1073 obnoxia
1044 1019 1269 1088 Ocyroe,
1317 1019 1553 1074 Chironis
1591 1021 1644 1072 et
1679 1019 1949 1074 Chariclus
1985 1020 2115 1086 filia,
2164 1019 2476 1088 contemptis

388 1106 548 1174 patris
595 1106 793 1158 artibus
840 1105 1050 1158 vesania
1101 1105 1278 1158 futura
1331 1105 1642 1173 praecinuit:
1680 1105 1869 1177 infanti
1923 1105 2161 1174 Asclepio
2212 1104 2479 1174 praedixit,
2516 1114 2564 1156 10

389 1190 525 1257 quod
570 1190 829 1243 medicina
865 1193 1097 1243 mortuos
1135 1190 1200 1242 ad
1238 1204 1450 1258 superos
1494 1189 1776 1242 educturus
1813 1191 1966 1254 esset,
2009 1190 2073 1243 ab
2113 1204 2206 1243 avo
2241 1189 2477 1243 fulminis

387 1278 551 1328 ictum
590 1277 938 1343 experturum3
978 1276 1180 1343 patrem
1219 1290 1422 1342 quoque
1449 1273 1674 1328 Chirona
1710 1290 1741 1326 a
1777 1275 2103 1343 serpentibus
2139 1272 2479 1328 cruciandum

389 1361 739 1429 cupidumque
785 1361 967 1413 mortis
1015 1376 1078 1413 ex
1127 1360 1220 1413 deo
1256 1361 1312 1412 in
1347 1361 1647 1413 mortalium
1682 1375 1961 1413 numerum
1996 1361 2290 1413 venturum.
2346 1374 2478 1428 quae

388 1462 510 1499 cum
557 1448 696 1499 esset
739 1446 963 1510 elocuta,
1011 1447 1067 1498 in
1116 1461 1278 1513 equae
1326 1446 1483 1498 cessit
1530 1445 1767 1513 figuram,
1821 1461 1888 1498 ne
1926 1444 2320 1498 adversantibus
2356 1445 2480 1498 fatis

202 1544 284 1593 fab
307 1541 359 1583 11
389 1532 539 1599 plura
570 1531 758 1583 ederet
795 1546 953 1598 quam
989 1531 1252 1599 praedicta
1289 1531 1544 1598 Apollinis
1583 1531 1812 1583 sinerent
2000 1530 2206 1599 Apoll0‚
2253 1529 2391 1583 Iovis
2427 1532 2481 1583 et
2518 1539 2564 1581 15

389 1617 619 1669 Latonae
666 1616 825 1679 filius,
882 1632 1002 1668 cum
1039 1631 1197 1684 pecus
1234 1615 1467 1680 Admeti,
1523 1615 1758 1668 Pheretis
1806 1615 1924 1679 filii,
1974 1617 2223 1683 pasceret,
2275 1614 2479 1668 fistulae

391 1703 550 1754 cant-u
586 1700 918 1753 solitudinem
954 1703 1242 1768 protegenS‚
1279 1701 1435 1754 boves
1473 1701 1584 1753 eius
1621 1701 1676 1753 in
1714 1717 1864 1768 agros
1889 1700 2072 1769 Pyliae
2108 1700 2331 1768 regionis
2364 1715 2480 1769 pro-

391 1801 597 1852 gressae
635 1788 774 1850 sunt,
828 1801 956 1853 quas
993 1786 1280 1839 Mercurius
1319 1786 1505 1838 avertit
1541 1788 1594 1839 et
1629 1786 1684 1838 in
1722 1787 1853 1840 silva
1889 1786 2131 1839 occuluit.
2186 1785 2323 1853 quod
2355 1801 2482 1840 ,cum

390 1871 595 1940 Battus,
645 1871 795 1924 Nelei
829 1871 984 1934 filius,
1032 1887 1192 1939 equas
1229 1886 1447 1939 pascens
1485 1871 1722 1938 vidisset,
1778 1871 2067 1924 Mercurius
2114 1886 2254 1935 ver0,
2306 1872 2367 1924 ut
2404 1871 2482 1924 in-

393 1956 586 2009 dicium
621 1958 892 2024 premeret,
930 1972 991 2009 ex
1028 1957 1278 2009 armentis
1316 1955 1748 2009 formosissimam
1785 1971 1997 2010 vaccam
2023 1956 2070 2009 ei
2095 1957 2367 2010 concessit.
2429 1958 2484 2009 at
2518 1964 2568 2007 20

390 2042 477 2094 ille
516 2041 801 2094 discedenti
838 2041 1143 2103 adfirmavit,
1181 2041 1408 2110 lapidem
1444 2042 1751 2109 proximum,
1791 2057 1947 2109 quem
1984 2041 2224 2108 vidisset,
2243 2063 2246 2068 ·
2264 2041 2483 2094 celerius

393 2141 550 2194 quam
606 2142 661 2179 se
707 2128 988 2194 quicquam
1034 2127 1401 2181 indicaturum.
1462 2127 1589 2181 deus
1635 2143 1773 2189 vero,
1831 2130 1889 2180 ut
1925 2127 2159 2180 mortalis
2203 2126 2361 2180 fidem
2397 2142 2483 2180 ex·

454 2335 457 2338 ,
532 2297 617 2350 189
647 2295 940 2340 solitudinem
974 2295 1020 2338 Ο
1235 2295 1264 2339 2
1292 2295 1362 2348 li(t
1380 2311 1438 2340 eoe
1459 2299 1581 2346 c)ore
1609 2296 1681 2340 Μ
1726 2296 1740 2350 ΙΙ
1790 2294 1946 2352 procul
1977 2308 2031 2339 ea
2061 2308 2214 2352 consp.
2247 2308 2351 2340 ven.
2383 2295 2482 2340 eius

391 2367 622 2423 Micyllus,
655 2366 753 2410 eius
782 2366 938 2422 procul
968 2371 1238 2422 conspectae
1267 2380 1435 2412 venere
1462 2367 1690 2411 Muncker
1738 2367 1752 2422 ΙΙ
1803 2366 1959 2411 uenire
1989 2367 2049 2410 N
2162 2367 2191 2410 5
2220 2366 2484 2412 admouere·

392 2443 467 2482 tur
503 2437 552 2494 V,
584 2444 871 2482 amoveretur
900 2436 1127 2482 Muncker

535 2508 792 2553 Nictinome
821 2508 869 2552 in
897 2508 1064 2553 nociua
1092 2509 1188 2562 (sic)
1214 2512 1323 2564 post
1349 2509 1439 2554 588
1465 2509 1536 2553 M
1663 2508 1693 2553 ἔ»
1721 2508 1991 2566 Nyctimene
2021 2509 2075 2561 V,
2106 2508 2378 2566 Nyctinome
2405 2510 2486 2564 Μ,

393 2579 651 2623 Nictimone
678 2579 733 2622 N
779 2580 793 2635 [Ι
841 2579 977 2623 nictei
1008 2580 1081 2623 M
1162 2581 1186 2624 7
1218 2579 1480 2624 ammissum
1514 2579 1559 2624 0
1645 2580 1676 2624 9
1705 2585 1756 2624 ut
1783 2579 1924 2624 noxia
1951 2578 2171 2636 Micyllus

533 2651 602 2694 XI
631 2650 724 2703 (sic)
756 2649 962 2706 Ocyrhoe
991 2651 1040 2694 in
1070 2664 1234 2707 equam
1255 2654 1368 2707 post
1403 2651 1493 2696 632
1519 2652 1588 2695 M
1812 2651 1842 2695 9
1870 2650 2045 2707 Ocyroe
2082 2649 2132 2704 V,
2170 2649 2378 2709 Ocyrohe
2405 2651 2484 2707 M,

394 2720 601 2778 Ochyroe
630 2722 691 2764 N
732 2723 747 2776 ΙΙ
801 2721 1033 2766 Chariclus
1062 2721 1299 2774 MumRer,
1330 2721 1612 2782 charictq(ae)
1645 2721 1691 2764 Ο
1727 2721 1764 2766 V
1796 2723 1812 2775 ΙΙ
1858 2722 2090 2777 conceptis
2118 2721 2180 2765 N
2257 2722 2316 2767 10
2340 2721 2487 2767 infan-

393 2793 520 2847 tique
549 2793 609 2836 N
639 2793 653 2847 ΙΙ
690 2792 970 2848 Aesculapio
1000 2792 1219 2850 Micyllus
1310 2796 1366 2838 11
1396 2794 1456 2838 ad
1481 2807 1553 2838 om
1574 2794 1653 2845 M,
1684 2793 1777 2837 add
1805 2805 1866 2836 m
1907 2795 1921 2847 ΙΙ
1962 2793 2228 2838 reducturus
2253 2793 2487 2839 Gisclinus

393 2865 505 2918 llsq
536 2863 606 2907 ed.
638 2867 1121 2919 essct—experturum]
1151 2864 1215 2907 sic
1242 2865 1315 2908 M
1338 2863 1386 2918 V,
1431 2864 1502 2909 ed.
1533 2871 1654 2908 esset
1683 2863 1899 2920 quodque
1929 2868 2048 2908 esset
2077 2864 2135 2908 ab
2165 2877 2255 2910 auo
2283 2865 2487 2909 fulminis

394 2939 658 2989 experturus
687 2934 825 2978 ictum
857 2935 1010 2987 (ictum
1040 2948 1140 2992 exp.
1162 2936 1262 2987 edel)
1292 2937 1346 2979 N
1372 2935 1518 2992 vulyo,
1551 2935 1622 2980 ed.
1653 2940 1773 2979 esset
1802 2935 1859 2978 ab
1891 2947 1982 2979 avo
2011 2933 2215 2979 fulminis
2242 2935 2381 2980 ictum
2411 2948 2486 2979 ex-

394 3010 602 3060 perturus
631 3004 850 3061 Micyllus
899 3005 914 3060 ΙΙ
964 3008 1070 3061 auos
1099 3006 1171 3050 M
1251 3005 1308 3050 12
1338 3005 1515 3055 chiron!
1545 3006 1618 3049 M
1664 3006 1680 3060 ΙΙ
1729 3019 1756 3049 a
1786 3004 2073 3060 serpentibus
2109 3004 2171 3060 0,
2200 3005 2486 3062 serpentibus

1599 3078 1616 3103 2

395 3117 540 3173 vulqo,
571 3118 750 3171 sagittis
788 3117 831 3163 V
874 3121 889 3174 ΙΙ
938 3120 1179 3163 cruciatum
1212 3120 1268 3163 N
1398 3120 1456 3164 13
1485 3087 1604 3164 exdo
1626 3120 1704 3175 M,
1736 3119 1854 3163 exdo
1876 3121 1930 3163 N
1959 3119 1976 3176 ΙΙ
2014 3117 2080 3175 (in
2111 3122 2199 3172 om)
2227 3118 2484 3164 mortalium

1251 3191 1321 3232 e2‘·

395 3257 516 3288 num.
537 3246 824 3289 inuenturum
857 3245 965 3292 OV
1045 3249 1101 3291 14
1130 3247 1177 3290 in
1208 3234 1300 3302 aeq‘:
1330 3247 1411 3301 M,
1440 3247 1605 3308 ineque
1634 3247 1695 3290 N
1775 3247 1831 3291 15
1859 3246 2053 3302 plurima
2080 3246 2135 3289 N

537 3315 627 3359 XII
655 3316 838 3360 Battum
871 3317 970 3372 (sie)
999 3316 1047 3360 in
1072 3330 1233 3362 saxum
1255 3321 1367 3373 post
1394 3318 1484 3362 676
1508 3318 1581 3361 M
1661 3317 1773 3372 1589
1804 3317 1924 3361 iouis
1952 3316 2076 3360 filius
2106 3321 2152 3360 et
2181 3315 2362 3360 latonae
2390 3317 2450 3360 N
2473 3317 2487 3374 [Ι

398 3387 451 3429 17
473 3385 618 3430 bobes
647 3387 708 3430 N
749 3387 764 3442 ΙΙ
817 3400 927 3443 agro
957 3388 1029 3431 M
1072 3388 1087 3443 {fl
1138 3388 1230 3443 pile
1260 3389 1321 3432 N
1475 3388 1532 3432 18
1563 3387 1705 3442 occu(l
1728 3402 1784 3431 εει·
1803 3387 1922 3441 b)uit
1949 3388 2020 3432 M
2066 3387 2082 3442 [Ι
2129 3399 2230 3430 cum
2260 3399 2333 3430 om
2362 3386 2423 3430 N
2467 3394 2482 3439 n

397 3456 454 3500 19
482 3456 608 3500 Nelei
637 3456 774 3508 filius]
805 3458 869 3502 sic
903 3457 948 3500 0
987 3457 1034 3513 V,
1065 3460 1142 3502 sed
1171 3458 1225 3514 cf
1246 3461 1340 3503 met
1367 3457 1433 3502 II
1447 3458 1590 3513 68839
1657 3459 1670 3513 ΙΙ
1736 3471 1850 3514 quas
1878 3471 1979 3502 cum
2011 3456 2172 3501 Battus
2201 3456 2330 3501 Nelei
2359 3456 2487 3501 silvis

397 3534 632 3581 pascentes
652 3527 845 3573 vidisset
863 3528 1015 3573 Burm
1243 3530 1355 3584 1939
1387 3542 1499 3574 vero
1520 3534 1573 3573 ut
1591 3529 1683 3572 ind.
1707 3535 1931 3584 premeret
1964 3527 2010 3572 0
2026 3528 2071 3573 V
2094 3527 2319 3571 Muncker
2337 3526 2484 3583 vulyo,

399 3601 526 3648 (vero
548 3603 634 3650 om)
665 3612 722 3643 ne
751 3599 843 3643 ind.
872 3606 1098 3656 promeret
1128 3602 1180 3644 ed
1211 3601 1415 3657 Duyduu
1448 3600 1573 3652 1518,
1608 3614 1670 3643 an
1701 3612 1859 3643 verum
1890 3605 1941 3643 ut
1969 3601 1997 3643 i.
2030 3601 2201 3655 prem?
2358 3597 2417 3642 20
2444 3597 2484 3641 ei

399 3680 472 3710 om
502 3668 555 3709 N
667 3669 725 3712 22
754 3669 866 3713 deus
896 3675 1047 3714 autem
1080 3671 1130 3714 N
1176 3671 1190 3724 11
1230 3670 1412 3715 mortali
1441 3670 1564 3715 idem
1596 3671 1656 3713 N
