<?xml version="1.0" encoding="UTF-8"?>
<!DOCTYPE html PUBLIC "-//W3C//DTD XHTML 1.0 Transitional//EN"
    "http://www.w3.org/TR/xhtml1/DTD/xhtml1-transitional.dtd">
<html xmlns="http://www.w3.org/1999/xhtml" xml:lang="en" lang="en">
 <head>
  <title>
</title>
<meta http-equiv="Content-Type" content="text/html;charset=utf-8" />
  <meta name='ocr-system' content='tesseract 3.04.00' />
  <meta name='ocr-capabilities' content='ocr_page ocr_carea ocr_par ocr_line ocrx_word'/>
</head>
<body>
  <div class='ocr_page' id='page_1' title='image "./metamorphoseonli00oviduoft/metamorphoseonli00oviduoft_0665.png"; bbox 0 0 2580 4088; ppageno 0'>
   <div class='ocr_carea' id='block_1_1' title="bbox 108 1036 2193 1184">
    <p class='ocr_par' dir='ltr' id='par_1_1' title="bbox 108 1036 2193 1184">
     <span class='ocr_line' id='line_1_1' title="bbox 251 1036 2193 1100; baseline -0.003 -10"><span class='ocrx_word' id='word_1_1' title='bbox 251 1040 398 1090; x_wconf 88' lang='lat' dir='ltr'>Haec</span> <span class='ocrx_word' id='word_1_2' title='bbox 446 1041 502 1088; x_wconf 88' lang='lat' dir='ltr'>in</span> <span class='ocrx_word' id='word_1_3' title='bbox 543 1038 721 1089; x_wconf 84' lang='lat' dir='ltr'>Ovidii</span> <span class='ocrx_word' id='word_1_4' title='bbox 755 1037 1220 1100; x_wconf 73' lang='lat' dir='ltr'><em>Metamorphoses</em></span> <span class='ocrx_word' id='word_1_5' title='bbox 1269 1036 1477 1086; x_wconf 80' lang='lat' dir='ltr'>scholia</span> <span class='ocrx_word' id='word_1_6' title='bbox 1526 1036 1677 1098; x_wconf 84' lang='lat' dir='ltr'>quod</span> <span class='ocrx_word' id='word_1_7' title='bbox 1722 1037 2093 1086; x_wconf 88' lang='lat' dir='ltr'>inscribuntur</span> <span class='ocrx_word' id='word_1_8' title='bbox 2138 1039 2193 1086; x_wconf 90' lang='lat' dir='ltr'>in</span> 
     </span>
     <span class='ocr_line' id='line_1_2' title="bbox 108 1119 2191 1184; baseline -0.002 -10"><span class='ocrx_word' id='word_1_9' title='bbox 108 1125 439 1174; x_wconf 80' lang='lat' dir='ltr'><strong><em>editionibus</em></strong></span> <span class='ocrx_word' id='word_1_10' title='bbox 459 1123 727 1173; x_wconf 83' lang='lat' dir='ltr'>veteribus</span> <span class='ocrx_word' id='word_1_11' title='bbox 743 1123 964 1172; x_wconf 89' lang='lat' dir='ltr'>nomine</span> <span class='ocrx_word' id='word_1_12' title='bbox 982 1122 1250 1172; x_wconf 90' lang='lat' dir='ltr'>Lactantii</span> <span class='ocrx_word' id='word_1_13' title='bbox 1268 1122 1472 1172; x_wconf 90' lang='lat' dir='ltr'>Placidi</span> <span class='ocrx_word' id='word_1_14' title='bbox 1485 1119 1653 1184; x_wconf 86' lang='lat' dir='ltr'>(velut</span> <span class='ocrx_word' id='word_1_15' title='bbox 1677 1121 1828 1184; x_wconf 90' lang='lat' dir='ltr'>apud</span> <span class='ocrx_word' id='word_1_16' title='bbox 1836 1121 2191 1171; x_wconf 77' lang='lat' dir='ltr'>Munckerum</span> 
     </span>
    </p>
   </div>
   <div class='ocr_carea' id='block_1_2' title="bbox 22 1202 2197 1271">
    <p class='ocr_par' dir='ltr' id='par_1_2' title="bbox 22 1202 2197 1271">
     <span class='ocr_line' id='line_1_3' title="bbox 22 1202 2197 1271; baseline -0.001 -12"><span class='ocrx_word' id='word_1_17' title='bbox 22 1202 26 1212; x_wconf 84' lang='grc'><em>“</em></span> <span class='ocrx_word' id='word_1_18' title='bbox 108 1211 163 1259; x_wconf 90' lang='lat' dir='ltr'>et</span> <span class='ocrx_word' id='word_1_19' title='bbox 196 1209 458 1259; x_wconf 89' lang='lat' dir='ltr'>Lactantii</span> <span class='ocrx_word' id='word_1_20' title='bbox 493 1208 694 1258; x_wconf 85' lang='lat' dir='ltr'>Placidi</span> <span class='ocrx_word' id='word_1_21' title='bbox 743 1209 1060 1271; x_wconf 87' lang='lat' dir='ltr'>argumenta</span> <span class='ocrx_word' id='word_1_22' title='bbox 1107 1207 1616 1271; x_wconf 88' lang='lat' dir='ltr'>Metamorphoseon</span> <span class='ocrx_word' id='word_1_23' title='bbox 1663 1206 2094 1256; x_wconf 86' lang='lat' dir='ltr'>Nasonianarum</span> <span class='ocrx_word' id='word_1_24' title='bbox 2143 1209 2197 1256; x_wconf 91' lang='lat' dir='ltr'>et</span> 
     </span>
    </p>
   </div>
   <div class='ocr_carea' id='block_1_3' title="bbox 107 1291 2196 1779">
    <p class='ocr_par' dir='ltr' id='par_1_3' title="bbox 107 1291 2196 1779">
     <span class='ocr_line' id='line_1_4' title="bbox 108 1291 2194 1355; baseline -0.001 -12"><span class='ocrx_word' id='word_1_25' title='bbox 108 1293 367 1344; x_wconf 88' lang='lat' dir='ltr'>Lactantii</span> <span class='ocrx_word' id='word_1_26' title='bbox 404 1293 606 1343; x_wconf 83' lang='lat' dir='ltr'>Placidi</span> <span class='ocrx_word' id='word_1_27' title='bbox 643 1293 978 1342; x_wconf 82' lang='lat' dir='ltr'>narrationes</span> <span class='ocrx_word' id='word_1_28' title='bbox 1015 1291 1337 1353; x_wconf 86' lang='lat' dir='ltr'>fabularum,</span> <span class='ocrx_word' id='word_1_29' title='bbox 1376 1306 1516 1355; x_wconf 91' lang='lat' dir='ltr'>quae</span> <span class='ocrx_word' id='word_1_30' title='bbox 1559 1292 1618 1340; x_wconf 94' lang='lat' dir='ltr'>in</span> <span class='ocrx_word' id='word_1_31' title='bbox 1654 1291 1710 1341; x_wconf 89' lang='lat' dir='ltr'>P.</span> <span class='ocrx_word' id='word_1_32' title='bbox 1751 1291 1927 1341; x_wconf 90' lang='lat' dir='ltr'>Ovidii</span> <span class='ocrx_word' id='word_1_33' title='bbox 1963 1292 2194 1342; x_wconf 83' lang='lat' dir='ltr'>Nasonis</span> 
     </span>
     <span class='ocr_line' id='line_1_5' title="bbox 107 1375 2196 1442; baseline -0.001 -14"><span class='ocrx_word' id='word_1_34' title='bbox 107 1378 257 1428; x_wconf 87' lang='lat' dir='ltr'>libris</span> <span class='ocrx_word' id='word_1_35' title='bbox 293 1378 387 1428; x_wconf 93' lang='lat' dir='ltr'>XV</span> <span class='ocrx_word' id='word_1_36' title='bbox 421 1377 929 1441; x_wconf 89' lang='lat' dir='ltr'>Metamorphoseon</span> <span class='ocrx_word' id='word_1_37' title='bbox 972 1375 1295 1437; x_wconf 86' lang='lat' dir='ltr'>occurrunt),</span> <span class='ocrx_word' id='word_1_38' title='bbox 1342 1377 1401 1425; x_wconf 91' lang='lat' dir='ltr'>id</span> <span class='ocrx_word' id='word_1_39' title='bbox 1445 1377 1704 1426; x_wconf 90' lang='lat' dir='ltr'>librorum</span> <span class='ocrx_word' id='word_1_40' title='bbox 1736 1377 1849 1440; x_wconf 83' lang='lat' dir='ltr'>fide</span> <span class='ocrx_word' id='word_1_41' title='bbox 1885 1378 2196 1442; x_wconf 84' lang='lat' dir='ltr'>confirmari</span> 
     </span>
     <span class='ocr_line' id='line_1_6' title="bbox 108 1461 2191 1532; baseline -0.001 -19"><span class='ocrx_word' id='word_1_42' title='bbox 108 1465 324 1527; x_wconf 73' lang='lat' dir='ltr'>neyant.</span> <span class='ocrx_word' id='word_1_43' title='bbox 380 1463 479 1512; x_wconf 90' lang='lat' dir='ltr'>sed</span> <span class='ocrx_word' id='word_1_44' title='bbox 514 1464 575 1512; x_wconf 92' lang='lat' dir='ltr'>ut</span> <span class='ocrx_word' id='word_1_45' title='bbox 610 1476 792 1511; x_wconf 89' lang='lat' dir='ltr'>verum</span> <span class='ocrx_word' id='word_1_46' title='bbox 831 1463 914 1511; x_wconf 90' lang='lat' dir='ltr'>est</span> <span class='ocrx_word' id='word_1_47' title='bbox 956 1475 1156 1510; x_wconf 89' lang='lat' dir='ltr'>nomen</span> <span class='ocrx_word' id='word_1_48' title='bbox 1192 1461 1461 1510; x_wconf 91' lang='lat' dir='ltr'>Lactantii</span> <span class='ocrx_word' id='word_1_49' title='bbox 1494 1461 1702 1532; x_wconf 78' lang='lat' dir='ltr'><strong><em>Placidi</em></strong></span> <span class='ocrx_word' id='word_1_50' title='bbox 1740 1475 1918 1523; x_wconf 84' lang='lat' dir='ltr'>neque</span> <span class='ocrx_word' id='word_1_51' title='bbox 1954 1463 2010 1511; x_wconf 92' lang='lat' dir='ltr'>in</span> <span class='ocrx_word' id='word_1_52' title='bbox 2045 1463 2191 1511; x_wconf 93' lang='lat' dir='ltr'>Mar-</span> 
     </span>
     <span class='ocr_line' id='line_1_7' title="bbox 109 1545 2192 1610; baseline 0 -13"><span class='ocrx_word' id='word_1_53' title='bbox 109 1549 266 1597; x_wconf 91' lang='lat' dir='ltr'>ciano</span> <span class='ocrx_word' id='word_1_54' title='bbox 300 1549 398 1603; x_wconf 86' lang='lat' dir='ltr'>aut</span> <span class='ocrx_word' id='word_1_55' title='bbox 420 1547 777 1610; x_wconf 90' lang='lat' dir='ltr'>Neapolitano</span> <span class='ocrx_word' id='word_1_56' title='bbox 813 1559 990 1607; x_wconf 87' lang='lat' dir='ltr'>neque</span> <span class='ocrx_word' id='word_1_57' title='bbox 1026 1546 1083 1594; x_wconf 90' lang='lat' dir='ltr'>in</span> <span class='ocrx_word' id='word_1_58' title='bbox 1118 1546 1368 1595; x_wconf 83' lang='lat' dir='ltr'>Parisino</span> <span class='ocrx_word' id='word_1_59' title='bbox 1401 1545 1543 1594; x_wconf 88' lang='lat'><em>8500</em></span> <span class='ocrx_word' id='word_1_60' title='bbox 1581 1547 1826 1606; x_wconf 83' lang='lat' dir='ltr'>inveniri,</span> <span class='ocrx_word' id='word_1_61' title='bbox 1884 1548 1956 1596; x_wconf 91' lang='lat' dir='ltr'>ita</span> <span class='ocrx_word' id='word_1_62' title='bbox 1987 1548 2192 1610; x_wconf 82' lang='lat' dir='ltr'>falsum</span> 
     </span>
     <span class='ocr_line' id='line_1_8' title="bbox 107 1630 2193 1682; baseline 0 0"><span class='ocrx_word' id='word_1_63' title='bbox 107 1634 191 1682; x_wconf 88' lang='lat' dir='ltr'>est</span> <span class='ocrx_word' id='word_1_64' title='bbox 227 1632 365 1681; x_wconf 90' lang='lat' dir='ltr'>illud</span> <span class='ocrx_word' id='word_1_65' title='bbox 392 1646 505 1682; x_wconf 92' lang='lat' dir='ltr'>non</span> <span class='ocrx_word' id='word_1_66' title='bbox 543 1646 660 1681; x_wconf 90' lang='lat' dir='ltr'>esse</span> <span class='ocrx_word' id='word_1_67' title='bbox 695 1632 806 1679; x_wconf 90' lang='lat' dir='ltr'>nisi</span> <span class='ocrx_word' id='word_1_68' title='bbox 841 1632 896 1679; x_wconf 92' lang='lat' dir='ltr'>in</span> <span class='ocrx_word' id='word_1_69' title='bbox 934 1630 1278 1679; x_wconf 78' lang='lat' dir='ltr'>editionibus,</span> <span class='ocrx_word' id='word_1_70' title='bbox 1340 1644 1468 1679; x_wconf 87' lang='lat' dir='ltr'>nam</span> <span class='ocrx_word' id='word_1_71' title='bbox 1508 1631 1564 1678; x_wconf 92' lang='lat' dir='ltr'>in</span> <span class='ocrx_word' id='word_1_72' title='bbox 1607 1631 1789 1680; x_wconf 91' lang='lat' dir='ltr'>codice</span> <span class='ocrx_word' id='word_1_73' title='bbox 1830 1630 2193 1682; x_wconf 80' lang='lat' dir='ltr'>Laurentiano</span> 
     </span>
     <span class='ocr_line' id='line_1_9' title="bbox 108 1715 1550 1779; baseline -0.002 -13"><span class='ocrx_word' id='word_1_74' title='bbox 108 1717 196 1778; x_wconf 89' lang='lat'>90,</span> <span class='ocrx_word' id='word_1_75' title='bbox 235 1718 305 1766; x_wconf 88' lang='grc'>99</span> <span class='ocrx_word' id='word_1_76' title='bbox 339 1716 432 1766; x_wconf 84' lang='lat' dir='ltr'>Izic</span> <span class='ocrx_word' id='word_1_77' title='bbox 462 1717 807 1779; x_wconf 88' lang='lat' dir='ltr'>praepositus</span> <span class='ocrx_word' id='word_1_78' title='bbox 842 1717 925 1764; x_wconf 89' lang='lat' dir='ltr'>est</span> <span class='ocrx_word' id='word_1_79' title='bbox 958 1716 1294 1778; x_wconf 71' lang='lat' dir='ltr'>aryumentis</span> <span class='ocrx_word' id='word_1_80' title='bbox 1332 1715 1550 1764; x_wconf 88' lang='lat' dir='ltr'>titulus:</span> 
     </span>
    </p>
   </div>
   <div class='ocr_carea' id='block_1_4' title="bbox 703 1799 1429 1913">
    <p class='ocr_par' dir='ltr' id='par_1_4' title="bbox 703 1799 1429 1913">
     <span class='ocr_line' id='line_1_10' title="bbox 703 1799 1429 1850; baseline -0.003 0"><span class='ocrx_word' id='word_1_81' title='bbox 703 1800 836 1850; x_wconf 92' lang='lat' dir='ltr'>Celii</span> <span class='ocrx_word' id='word_1_82' title='bbox 873 1799 1128 1849; x_wconf 88' lang='lat' dir='ltr'>Firmiani</span> <span class='ocrx_word' id='word_1_83' title='bbox 1166 1799 1429 1850; x_wconf 86' lang='lat' dir='ltr'>Lactantii</span> 
     </span>
     <span class='ocr_line' id='line_1_11' title="bbox 986 1879 1028 1913; baseline 0 0"><span class='ocrx_word' id='word_1_84' title='bbox 986 1879 1028 1913; x_wconf 89' lang='lat' dir='ltr'>in</span> 
     </span>
    </p>
   </div>
   <div class='ocr_carea' id='block_1_5' title="bbox 27 1926 2199 2926">
    <p class='ocr_par' dir='ltr' id='par_1_5' title="bbox 763 1926 1593 2076">
     <span class='ocr_line' id='line_1_12' title="bbox 763 1926 1593 1986; baseline -0.001 -10"><span class='ocrx_word' id='word_1_85' title='bbox 763 1926 979 1976; x_wconf 82' lang='lat' dir='ltr'>fabulas</span> <span class='ocrx_word' id='word_1_86' title='bbox 1050 1927 1107 1976; x_wconf 90' lang='lat' dir='ltr'>P.</span> <span class='ocrx_word' id='word_1_87' title='bbox 1148 1926 1326 1976; x_wconf 89' lang='lat' dir='ltr'>Ovidii</span> <span class='ocrx_word' id='word_1_88' title='bbox 1347 1926 1593 1986; x_wconf 54' lang='lat' dir='ltr'>„Nasonis</span> 
     </span>
     <span class='ocr_line' id='line_1_13' title="bbox 844 2011 1379 2076; baseline -0.004 -14"><span class='ocrx_word' id='word_1_89' title='bbox 844 2013 1151 2062; x_wconf 89' lang='lat' dir='ltr'>comentum</span> <span class='ocrx_word' id='word_1_90' title='bbox 1190 2011 1379 2076; x_wconf 82' lang='lat' dir='ltr'>incipit</span> 
     </span>
    </p>

    <p class='ocr_par' dir='ltr' id='par_1_6' title="bbox 27 2097 2199 2926">
     <span class='ocr_line' id='line_1_14' title="bbox 248 2097 2198 2162; baseline 0.001 -15"><span class='ocrx_word' id='word_1_91' title='bbox 248 2097 395 2147; x_wconf 91' lang='lat' dir='ltr'>Haec</span> <span class='ocrx_word' id='word_1_92' title='bbox 441 2097 691 2146; x_wconf 85' lang='lat' dir='ltr'>videntur</span> <span class='ocrx_word' id='word_1_93' title='bbox 727 2098 956 2162; x_wconf 82' lang='lat' dir='ltr'>fluxisse</span> <span class='ocrx_word' id='word_1_94' title='bbox 1005 2111 1034 2147; x_wconf 94' lang='lat' dir='ltr'>e</span> <span class='ocrx_word' id='word_1_95' title='bbox 1071 2098 1460 2147; x_wconf 88' lang='lat' dir='ltr'>commentario</span> <span class='ocrx_word' id='word_1_96' title='bbox 1510 2098 1565 2146; x_wconf 90' lang='lat' dir='ltr'>in</span> <span class='ocrx_word' id='word_1_97' title='bbox 1613 2097 1735 2147; x_wconf 85' lang='lat' dir='ltr'>Stat</span> <span class='ocrx_word' id='word_1_98' title='bbox 1781 2098 1928 2147; x_wconf 83' lang='lat' dir='ltr'><em>Theb</em></span> <span class='ocrx_word' id='word_1_99' title='bbox 1986 2099 2061 2148; x_wconf 94' lang='lat' dir='ltr'>VI</span> <span class='ocrx_word' id='word_1_100' title='bbox 2089 2101 2198 2148; x_wconf 85' lang='lat'>342</span> 
     </span>
     <span class='ocr_line' id='line_1_15' title="bbox 105 2180 2196 2248; baseline 0.001 -16"><span class='ocrx_word' id='word_1_101' title='bbox 105 2180 257 2245; x_wconf 86' lang='lat'><em>(364)</em></span> <span class='ocrx_word' id='word_1_102' title='bbox 291 2182 538 2232; x_wconf 78' lang='lat' dir='ltr'>Jahnke:</span> <span class='ocrx_word' id='word_1_103' title='bbox 588 2182 684 2232; x_wconf 93' lang='lat' dir='ltr'>sed</span> <span class='ocrx_word' id='word_1_104' title='bbox 722 2182 789 2232; x_wconf 93' lang='lat' dir='ltr'>de</span> <span class='ocrx_word' id='word_1_105' title='bbox 825 2182 911 2232; x_wconf 87' lang='lat' dir='ltr'>his</span> <span class='ocrx_word' id='word_1_106' title='bbox 947 2182 1109 2232; x_wconf 88' lang='lat' dir='ltr'>rebus</span> <span class='ocrx_word' id='word_1_107' title='bbox 1146 2180 1599 2246; x_wconf 60' lang='lat' dir='ltr'>(meteorologicis</span> <span class='ocrx_word' id='word_1_108' title='bbox 1634 2181 1742 2245; x_wconf 74' lang='lat' dir='ltr'>{sc),</span> <span class='ocrx_word' id='word_1_109' title='bbox 1781 2186 1940 2247; x_wconf 87' lang='lat' dir='ltr'>prout</span> <span class='ocrx_word' id='word_1_110' title='bbox 1976 2185 2196 2248; x_wconf 87' lang='lat' dir='ltr'>ingenio</span> 
     </span>
     <span class='ocr_line' id='line_1_16' title="bbox 104 2267 2194 2333; baseline 0.001 -17"><span class='ocrx_word' id='word_1_111' title='bbox 104 2281 226 2317; x_wconf 91' lang='lat' dir='ltr'>meo</span> <span class='ocrx_word' id='word_1_112' title='bbox 264 2268 592 2318; x_wconf 88' lang='lat' dir='ltr'>committere</span> <span class='ocrx_word' id='word_1_113' title='bbox 624 2267 792 2331; x_wconf 87' lang='lat' dir='ltr'>potui,</span> <span class='ocrx_word' id='word_1_114' title='bbox 831 2282 899 2317; x_wconf 88' lang='lat' dir='ltr'>ex</span> <span class='ocrx_word' id='word_1_115' title='bbox 923 2267 1073 2317; x_wconf 87' lang='lat' dir='ltr'>libris</span> <span class='ocrx_word' id='word_1_116' title='bbox 1098 2267 1394 2316; x_wconf 81' lang='lat' dir='ltr'>ineffabilis</span> <span class='ocrx_word' id='word_1_117' title='bbox 1421 2267 1695 2317; x_wconf 82' lang='lat' dir='ltr'>doctrinae</span> <span class='ocrx_word' id='word_1_118' title='bbox 1720 2268 1900 2317; x_wconf 89' lang='lat' dir='ltr'>Persei</span> <span class='ocrx_word' id='word_1_119' title='bbox 1936 2283 2194 2333; x_wconf 88' lang='lat' dir='ltr'>praecep-</span> 
     </span>
     <span class='ocr_line' id='line_1_17' title="bbox 105 2351 2196 2416; baseline 0 -14"><span class='ocrx_word' id='word_1_120' title='bbox 105 2352 233 2402; x_wconf 83' lang='lat' dir='ltr'>toris</span> <span class='ocrx_word' id='word_1_121' title='bbox 270 2366 512 2402; x_wconf 88' lang='lat' dir='ltr'>seorsum</span> <span class='ocrx_word' id='word_1_122' title='bbox 549 2352 789 2402; x_wconf 91' lang='lat' dir='ltr'>libellum</span> <span class='ocrx_word' id='word_1_123' title='bbox 828 2352 1107 2416; x_wconf 90' lang='lat' dir='ltr'>composui</span> <span class='ocrx_word' id='word_1_124' title='bbox 1141 2351 1401 2402; x_wconf 90' lang='lat' dir='ltr'>Caelius</span> <span class='ocrx_word' id='word_1_125' title='bbox 1433 2352 1793 2402; x_wconf 90' lang='lat' dir='ltr'>Firmianus</span> <span class='ocrx_word' id='word_1_126' title='bbox 1820 2353 2196 2403; x_wconf 89' lang='lat' dir='ltr'>Lactantius</span> 
     </span>
     <span class='ocr_line' id='line_1_18' title="bbox 104 2436 2195 2500; baseline 0 -14"><span class='ocrx_word' id='word_1_127' title='bbox 104 2436 418 2486; x_wconf 81' lang='lat' dir='ltr'>Placidus,</span> <span class='ocrx_word' id='word_1_128' title='bbox 439 2439 663 2500; x_wconf 91' lang='lat' dir='ltr'>apparet</span> <span class='ocrx_word' id='word_1_129' title='bbox 677 2438 845 2500; x_wconf 74' lang='lat' dir='ltr'>iyitur</span> <span class='ocrx_word' id='word_1_130' title='bbox 859 2437 1058 2486; x_wconf 90' lang='lat' dir='ltr'>Italum</span> <span class='ocrx_word' id='word_1_131' title='bbox 1080 2437 1350 2498; x_wconf 81' lang='lat' dir='ltr'>quendam</span> <span class='ocrx_word' id='word_1_132' title='bbox 1369 2437 1478 2486; x_wconf 87' lang='lat' dir='ltr'>sibi</span> <span class='ocrx_word' id='word_1_133' title='bbox 1488 2439 1826 2500; x_wconf 80' lang='lat' dir='ltr'>persuasisse</span> <span class='ocrx_word' id='word_1_134' title='bbox 1843 2438 2073 2488; x_wconf 90' lang='lat' dir='ltr'>eundem</span> <span class='ocrx_word' id='word_1_135' title='bbox 2093 2439 2195 2487; x_wconf 74' lang='lat' dir='ltr'>lio-</span> 
     </span>
     <span class='ocr_line' id='line_1_19' title="bbox 104 2522 2194 2587; baseline 0.001 -17"><span class='ocrx_word' id='word_1_136' title='bbox 104 2523 305 2571; x_wconf 89' lang='lat' dir='ltr'>minem</span> <span class='ocrx_word' id='word_1_137' title='bbox 324 2523 604 2585; x_wconf 83' lang='lat' dir='ltr'>scripsisse</span> <span class='ocrx_word' id='word_1_138' title='bbox 622 2524 676 2571; x_wconf 90' lang='lat' dir='ltr'>et</span> <span class='ocrx_word' id='word_1_139' title='bbox 687 2523 1133 2572; x_wconf 89' lang='lat' dir='ltr'>commentarium</span> <span class='ocrx_word' id='word_1_140' title='bbox 1147 2522 1454 2571; x_wconf 89' lang='lat' dir='ltr'>Statianum</span> <span class='ocrx_word' id='word_1_141' title='bbox 1469 2524 1523 2571; x_wconf 91' lang='lat' dir='ltr'>et</span> <span class='ocrx_word' id='word_1_142' title='bbox 1531 2524 1869 2572; x_wconf 79' lang='lat' dir='ltr'>narrationes</span> <span class='ocrx_word' id='word_1_143' title='bbox 1880 2523 2194 2587; x_wconf 82' lang='lat' dir='ltr'>fabularum</span> 
     </span>
     <span class='ocr_line' id='line_1_20' title="bbox 27 2602 2199 2679; baseline 0.001 -24"><span class='ocrx_word' id='word_1_144' title='bbox 27 2602 40 2671; x_wconf 62' lang='grc' dir='ltr'>’Τ</span> <span class='ocrx_word' id='word_1_145' title='bbox 109 2603 560 2679; x_wconf 83' lang='lat' dir='ltr'>Ovidianaruml).</span> <span class='ocrx_word' id='word_1_146' title='bbox 621 2608 771 2669; x_wconf 88' lang='lat' dir='ltr'>quod</span> <span class='ocrx_word' id='word_1_147' title='bbox 795 2609 975 2656; x_wconf 87' lang='lat' dir='ltr'>utrum</span> <span class='ocrx_word' id='word_1_148' title='bbox 1004 2620 1187 2656; x_wconf 86' lang='lat' dir='ltr'>verum</span> <span class='ocrx_word' id='word_1_149' title='bbox 1221 2608 1295 2655; x_wconf 91' lang='lat' dir='ltr'>sit</span> <span class='ocrx_word' id='word_1_150' title='bbox 1323 2621 1507 2669; x_wconf 92' lang='lat' dir='ltr'>necne,</span> <span class='ocrx_word' id='word_1_151' title='bbox 1548 2610 1608 2657; x_wconf 91' lang='lat' dir='ltr'>ut</span> <span class='ocrx_word' id='word_1_152' title='bbox 1632 2622 1824 2671; x_wconf 83' lang='lat' dir='ltr'>operae</span> <span class='ocrx_word' id='word_1_153' title='bbox 1854 2610 2090 2671; x_wconf 90' lang='lat' dir='ltr'>pretium</span> <span class='ocrx_word' id='word_1_154' title='bbox 2116 2611 2199 2658; x_wconf 92' lang='lat' dir='ltr'>est</span> 
     </span>
     <span class='ocr_line' id='line_1_21' title="bbox 35 2682 2196 2756; baseline 0.001 -16"><span class='ocrx_word' id='word_1_155' title='bbox 35 2682 41 2747; x_wconf 78' lang='grc'>,“</span> <span class='ocrx_word' id='word_1_156' title='bbox 107 2705 376 2753; x_wconf 88' lang='lat' dir='ltr'>quaerere,</span> <span class='ocrx_word' id='word_1_157' title='bbox 426 2688 501 2741; x_wconf 79' lang='lat' dir='ltr'>ita</span> <span class='ocrx_word' id='word_1_158' title='bbox 548 2706 580 2741; x_wconf 93' lang='lat' dir='ltr'>a</span> <span class='ocrx_word' id='word_1_159' title='bbox 628 2693 836 2741; x_wconf 91' lang='lat' dir='ltr'>ratione</span> <span class='ocrx_word' id='word_1_160' title='bbox 885 2691 1054 2740; x_wconf 81' lang='lat' dir='ltr'>huius</span> <span class='ocrx_word' id='word_1_161' title='bbox 1091 2691 1346 2741; x_wconf 84' lang='lat' dir='ltr'>editionis</span> <span class='ocrx_word' id='word_1_162' title='bbox 1380 2692 1634 2742; x_wconf 90' lang='lat' dir='ltr'>alienum.</span> <span class='ocrx_word' id='word_1_163' title='bbox 1698 2707 1796 2743; x_wconf 92' lang='lat' dir='ltr'>nec</span> <span class='ocrx_word' id='word_1_164' title='bbox 1832 2695 2031 2754; x_wconf 72' lang='lat' dir='ltr'>minuc,</span> <span class='ocrx_word' id='word_1_165' title='bbox 2073 2695 2196 2756; x_wconf 86' lang='lat' dir='ltr'>quis</span> 
     </span>
     <span class='ocr_line' id='line_1_22' title="bbox 35 2763 2193 2839; baseline 0.002 -15"><span class='ocrx_word' id='word_1_166' title='bbox 35 2763 64 2800; x_wconf 58' lang='lat'>&#39;¹&#39;</span> <span class='ocrx_word' id='word_1_167' title='bbox 107 2775 195 2825; x_wconf 90' lang='lat' dir='ltr'>ille</span> <span class='ocrx_word' id='word_1_168' title='bbox 224 2776 409 2839; x_wconf 84' lang='lat' dir='ltr'>fuerit,</span> <span class='ocrx_word' id='word_1_169' title='bbox 450 2777 670 2838; x_wconf 87' lang='lat' dir='ltr'>quando</span> <span class='ocrx_word' id='word_1_170' title='bbox 709 2777 897 2826; x_wconf 86' lang='lat' dir='ltr'>vixerit</span> <span class='ocrx_word' id='word_1_171' title='bbox 931 2771 1163 2837; x_wconf 83' lang='lat' dir='ltr'>adhuc2)</span> <span class='ocrx_word' id='word_1_172' title='bbox 1203 2778 1490 2827; x_wconf 89' lang='lat' dir='ltr'>nescimus.</span> <span class='ocrx_word' id='word_1_173' title='bbox 1537 2780 1676 2828; x_wconf 91' lang='lat' dir='ltr'>certe</span> <span class='ocrx_word' id='word_1_174' title='bbox 1712 2781 1983 2828; x_wconf 89' lang='lat' dir='ltr'>noverunt</span> <span class='ocrx_word' id='word_1_175' title='bbox 2016 2781 2070 2828; x_wconf 92' lang='lat' dir='ltr'>et</span> <span class='ocrx_word' id='word_1_176' title='bbox 2103 2793 2193 2828; x_wconf 85' lang='lat' dir='ltr'>ex-</span> 
     </span>
     <span class='ocr_line' id='line_1_23' title="bbox 103 2859 1990 2926; baseline 0.003 -18"><span class='ocrx_word' id='word_1_177' title='bbox 103 2861 437 2923; x_wconf 86' lang='lat' dir='ltr'>scripserunt</span> <span class='ocrx_word' id='word_1_178' title='bbox 471 2862 589 2910; x_wconf 91' lang='lat' dir='ltr'>eius</span> <span class='ocrx_word' id='word_1_179' title='bbox 625 2862 963 2911; x_wconf 89' lang='lat' dir='ltr'>narrationes</span> <span class='ocrx_word' id='word_1_180' title='bbox 999 2859 1396 2924; x_wconf 70' lang='lat' dir='ltr'>mythoyraphi</span> <span class='ocrx_word' id='word_1_181' title='bbox 1434 2862 1678 2912; x_wconf 88' lang='lat' dir='ltr'>Vaticani</span> <span class='ocrx_word' id='word_1_182' title='bbox 1712 2864 1747 2912; x_wconf 95' lang='lat' dir='ltr'><em>I</em></span> <span class='ocrx_word' id='word_1_183' title='bbox 1777 2866 1832 2913; x_wconf 92' lang='lat' dir='ltr'>et</span> <span class='ocrx_word' id='word_1_184' title='bbox 1865 2859 1990 2926; x_wconf 87' lang='lat' dir='ltr'><em>II3).</em></span> 
     </span>
    </p>
   </div>
   <div class='ocr_carea' id='block_1_6' title="bbox 105 3000 2196 3120">
    <p class='ocr_par' dir='ltr' id='par_1_7' title="bbox 105 3000 2196 3120">
     <span class='ocr_line' id='line_1_24' title="bbox 250 3000 2179 3053; baseline 0.001 -13"><span class='ocrx_word' id='word_1_185' title='bbox 250 3000 289 3051; x_wconf 95' lang='grc'>1)</span> <span class='ocrx_word' id='word_1_186' title='bbox 318 3001 367 3051; x_wconf 81' lang='lat' dir='ltr'>cs</span> <span class='ocrx_word' id='word_1_187' title='bbox 388 3000 522 3050; x_wconf 81' lang='lat' dir='ltr'>Praef</span> <span class='ocrx_word' id='word_1_188' title='bbox 534 3001 590 3039; x_wconf 92' lang='lat' dir='ltr'>ed</span> <span class='ocrx_word' id='word_1_189' title='bbox 606 3001 787 3040; x_wconf 87' lang='lat' dir='ltr'>Venetae</span> <span class='ocrx_word' id='word_1_190' title='bbox 807 3000 920 3040; x_wconf 83' lang='lat'><strong><em>1486</em></strong></span> <span class='ocrx_word' id='word_1_191' title='bbox 930 3012 943 3038; x_wconf 91' lang='grc'>.·</span> <span class='ocrx_word' id='word_1_192' title='bbox 972 3031 983 3040; x_wconf 93' lang='grc'><em>.</em></span> <span class='ocrx_word' id='word_1_193' title='bbox 1005 3028 1016 3039; x_wconf 89' lang='grc'><strong>.</strong></span> <span class='ocrx_word' id='word_1_194' title='bbox 1047 3000 1209 3039; x_wconf 90' lang='lat' dir='ltr'>Verum</span> <span class='ocrx_word' id='word_1_195' title='bbox 1243 3011 1341 3039; x_wconf 91' lang='lat' dir='ltr'>cum</span> <span class='ocrx_word' id='word_1_196' title='bbox 1370 3000 1619 3051; x_wconf 88' lang='lat' dir='ltr'>diligentius</span> <span class='ocrx_word' id='word_1_197' title='bbox 1639 3012 1878 3051; x_wconf 87' lang='lat' dir='ltr'>quaererem</span> <span class='ocrx_word' id='word_1_198' title='bbox 1891 3016 1900 3043; x_wconf 92' lang='lat'>:</span> <span class='ocrx_word' id='word_1_199' title='bbox 1933 3011 2045 3052; x_wconf 87' lang='lat' dir='ltr'>quae</span> <span class='ocrx_word' id='word_1_200' title='bbox 2064 3003 2179 3053; x_wconf 90' lang='lat' dir='ltr'>prisc</span> 
     </span>
     <span class='ocr_line' id='line_1_25' title="bbox 105 3070 2196 3120; baseline 0.001 -10"><span class='ocrx_word' id='word_1_201' title='bbox 105 3071 332 3120; x_wconf 80' lang='lat' dir='ltr'>scriptores</span> <span class='ocrx_word' id='word_1_202' title='bbox 351 3071 504 3110; x_wconf 88' lang='lat' dir='ltr'>litteris</span> <span class='ocrx_word' id='word_1_203' title='bbox 525 3071 859 3111; x_wconf 88' lang='lat' dir='ltr'>mandauerunt:</span> <span class='ocrx_word' id='word_1_204' title='bbox 889 3070 1021 3110; x_wconf 89' lang='lat' dir='ltr'>incidi</span> <span class='ocrx_word' id='word_1_205' title='bbox 1049 3070 1095 3109; x_wconf 91' lang='lat' dir='ltr'>in</span> <span class='ocrx_word' id='word_1_206' title='bbox 1125 3070 1342 3110; x_wconf 88' lang='lat' dir='ltr'>Coelium</span> <span class='ocrx_word' id='word_1_207' title='bbox 1370 3072 1629 3112; x_wconf 64' lang='lat' dir='ltr'>sirmiam-1</span> <span class='ocrx_word' id='word_1_208' title='bbox 1659 3073 1996 3113; x_wconf 89' lang='lat' dir='ltr'>Lactantium</span> <span class='ocrx_word' id='word_1_209' title='bbox 2025 3074 2196 3112; x_wconf 82' lang='lat' dir='ltr'>Placi&#39;</span> 
     </span>
    </p>
   </div>
   <div class='ocr_carea' id='block_1_7' title="bbox 20 3138 2195 3264">
    <p class='ocr_par' dir='ltr' id='par_1_8' title="bbox 20 3138 2195 3264">
     <span class='ocr_line' id='line_1_26' title="bbox 20 3138 2195 3204; baseline 0.001 -24"><span class='ocrx_word' id='word_1_210' title='bbox 20 3138 32 3204; x_wconf 62' lang='grc' dir='ltr'><em>ζ</em></span> <span class='ocrx_word' id='word_1_211' title='bbox 105 3141 244 3181; x_wconf 90' lang='lat' dir='ltr'>dum:</span> <span class='ocrx_word' id='word_1_212' title='bbox 274 3141 367 3191; x_wconf 92' lang='lat' dir='ltr'>qui</span> <span class='ocrx_word' id='word_1_213' title='bbox 395 3141 449 3180; x_wconf 92' lang='lat' dir='ltr'>in</span> <span class='ocrx_word' id='word_1_214' title='bbox 479 3141 644 3181; x_wconf 87' lang='lat' dir='ltr'>Statii</span> <span class='ocrx_word' id='word_1_215' title='bbox 672 3141 939 3181; x_wconf 86' lang='lat' dir='ltr'>Thebaida</span> <span class='ocrx_word' id='word_1_216' title='bbox 974 3141 1227 3191; x_wconf 87' lang='lat' dir='ltr'>scripsit:</span> <span class='ocrx_word' id='word_1_217' title='bbox 1257 3142 1401 3181; x_wconf 84' lang='lat' dir='ltr'>uirum</span> <span class='ocrx_word' id='word_1_218' title='bbox 1429 3152 1527 3182; x_wconf 90' lang='lat' dir='ltr'>mea</span> <span class='ocrx_word' id='word_1_219' title='bbox 1554 3144 1765 3183; x_wconf 89' lang='lat' dir='ltr'>sententia</span> <span class='ocrx_word' id='word_1_220' title='bbox 1794 3145 1831 3183; x_wconf 87' lang='lat'>&amp;</span> <span class='ocrx_word' id='word_1_221' title='bbox 1861 3144 2195 3193; x_wconf 71' lang='lat' dir='ltr'>diligentissima</span> 
     </span>
     <span class='ocr_line' id='line_1_27' title="bbox 105 3211 2195 3264; baseline 0.002 -14"><span class='ocrx_word' id='word_1_222' title='bbox 105 3212 143 3251; x_wconf 85' lang='lat'>&amp;</span> <span class='ocrx_word' id='word_1_223' title='bbox 162 3211 493 3251; x_wconf 86' lang='lat' dir='ltr'>disertissimum</span> <span class='ocrx_word' id='word_1_224' title='bbox 513 3212 657 3261; x_wconf 86' lang='lat' dir='ltr'>&amp;qui</span> <span class='ocrx_word' id='word_1_225' title='bbox 676 3212 729 3251; x_wconf 90' lang='lat' dir='ltr'>in</span> <span class='ocrx_word' id='word_1_226' title='bbox 748 3212 965 3252; x_wconf 79' lang='lat' dir='ltr'>fabulas</span> <span class='ocrx_word' id='word_1_227' title='bbox 985 3211 1231 3251; x_wconf 88' lang='lat' dir='ltr'>eiusdem</span> <span class='ocrx_word' id='word_1_228' title='bbox 1250 3215 1440 3262; x_wconf 85' lang='lat' dir='ltr'>poetae</span> <span class='ocrx_word' id='word_1_229' title='bbox 1461 3217 1816 3255; x_wconf 76' lang='lat' dir='ltr'>commetatus</span> <span class='ocrx_word' id='word_1_230' title='bbox 1837 3218 1932 3255; x_wconf 88' lang='lat' dir='ltr'>est.</span> <span class='ocrx_word' id='word_1_231' title='bbox 1963 3215 2093 3255; x_wconf 85' lang='lat' dir='ltr'>Cuius</span> <span class='ocrx_word' id='word_1_232' title='bbox 2115 3226 2195 3264; x_wconf 88' lang='lat' dir='ltr'>ego</span> 
     </span>
    </p>
   </div>
   <div class='ocr_carea' id='block_1_8' title="bbox 102 3281 2196 3818">
    <p class='ocr_par' dir='ltr' id='par_1_9' title="bbox 103 3281 2196 3474">
     <span class='ocr_line' id='line_1_28' title="bbox 104 3281 2194 3335; baseline 0.002 -15"><span class='ocrx_word' id='word_1_233' title='bbox 104 3281 327 3331; x_wconf 87' lang='lat' dir='ltr'>ingenium</span> <span class='ocrx_word' id='word_1_234' title='bbox 355 3292 443 3320; x_wconf 92' lang='lat' dir='ltr'>non</span> <span class='ocrx_word' id='word_1_235' title='bbox 471 3283 593 3332; x_wconf 89' lang='lat' dir='ltr'>potui</span> <span class='ocrx_word' id='word_1_236' title='bbox 622 3283 823 3332; x_wconf 86' lang='lat' dir='ltr'>equidem</span> <span class='ocrx_word' id='word_1_237' title='bbox 852 3294 941 3322; x_wconf 89' lang='lat' dir='ltr'>non</span> <span class='ocrx_word' id='word_1_238' title='bbox 971 3283 1131 3324; x_wconf 89' lang='lat' dir='ltr'>mirari.</span> <span class='ocrx_word' id='word_1_239' title='bbox 1191 3283 1301 3322; x_wconf 86' lang='lat' dir='ltr'>Nam</span> <span class='ocrx_word' id='word_1_240' title='bbox 1329 3284 1570 3324; x_wconf 89' lang='lat' dir='ltr'>incredibili</span> <span class='ocrx_word' id='word_1_241' title='bbox 1613 3285 1804 3335; x_wconf 90' lang='lat' dir='ltr'>quadam</span> <span class='ocrx_word' id='word_1_242' title='bbox 1832 3286 2043 3325; x_wconf 84' lang='lat' dir='ltr'>breuitate</span> <span class='ocrx_word' id='word_1_243' title='bbox 2073 3286 2194 3324; x_wconf 78' lang='lat' dir='ltr'>fabu-</span> 
     </span>
     <span class='ocr_line' id='line_1_29' title="bbox 103 3352 2196 3405; baseline 0.002 -14"><span class='ocrx_word' id='word_1_244' title='bbox 103 3352 191 3391; x_wconf 87' lang='lat' dir='ltr'>lam</span> <span class='ocrx_word' id='word_1_245' title='bbox 218 3362 420 3402; x_wconf 89' lang='lat' dir='ltr'>quanque</span> <span class='ocrx_word' id='word_1_246' title='bbox 449 3353 722 3403; x_wconf 83' lang='lat' dir='ltr'>coplectitur:</span> <span class='ocrx_word' id='word_1_247' title='bbox 769 3354 806 3393; x_wconf 85' lang='lat'>&amp;</span> <span class='ocrx_word' id='word_1_248' title='bbox 834 3355 1120 3403; x_wconf 86' lang='lat' dir='ltr'>iterpretatur.</span> <span class='ocrx_word' id='word_1_249' title='bbox 1182 3353 1328 3400; x_wconf 86' lang='lat' dir='ltr'>Quae</span> <span class='ocrx_word' id='word_1_250' title='bbox 1371 3355 1546 3394; x_wconf 86' lang='lat' dir='ltr'>omnia</span> <span class='ocrx_word' id='word_1_251' title='bbox 1590 3356 1665 3395; x_wconf 88' lang='lat' dir='ltr'>ita</span> <span class='ocrx_word' id='word_1_252' title='bbox 1703 3356 1755 3394; x_wconf 91' lang='lat' dir='ltr'>in</span> <span class='ocrx_word' id='word_1_253' title='bbox 1791 3356 1887 3395; x_wconf 90' lang='lat' dir='ltr'>hoc</span> <span class='ocrx_word' id='word_1_254' title='bbox 1927 3366 2089 3405; x_wconf 88' lang='lat' dir='ltr'>opere</span> <span class='ocrx_word' id='word_1_255' title='bbox 2118 3356 2196 3394; x_wconf 91' lang='lat' dir='ltr'>in·</span> 
     </span>
     <span class='ocr_line' id='line_1_30' title="bbox 105 3422 1333 3474; baseline 0.003 -13"><span class='ocrx_word' id='word_1_256' title='bbox 105 3422 277 3462; x_wconf 85' lang='lat' dir='ltr'>serui:</span> <span class='ocrx_word' id='word_1_257' title='bbox 307 3424 355 3461; x_wconf 92' lang='lat' dir='ltr'>ut</span> <span class='ocrx_word' id='word_1_258' title='bbox 382 3423 563 3462; x_wconf 90' lang='lat' dir='ltr'>nimiam</span> <span class='ocrx_word' id='word_1_259' title='bbox 592 3424 955 3474; x_wconf 89' lang='lat' dir='ltr'>pulchritudinem</span> <span class='ocrx_word' id='word_1_260' title='bbox 984 3435 1072 3474; x_wconf 87' lang='lat' dir='ltr'>prae</span> <span class='ocrx_word' id='word_1_261' title='bbox 1103 3434 1150 3463; x_wconf 89' lang='lat' dir='ltr'>se</span> <span class='ocrx_word' id='word_1_262' title='bbox 1180 3424 1333 3467; x_wconf 78' lang='lat' dir='ltr'>terant.</span> 
     </span>
    </p>

    <p class='ocr_par' dir='ltr' id='par_1_10' title="bbox 110 3492 2196 3619">
     <span class='ocr_line' id='line_1_31' title="bbox 246 3492 2196 3547; baseline 0.001 -14"><span class='ocrx_word' id='word_1_263' title='bbox 246 3492 290 3542; x_wconf 87' lang='grc'>2)</span> <span class='ocrx_word' id='word_1_264' title='bbox 314 3495 419 3543; x_wconf 78' lang='lat' dir='ltr'>post</span> <span class='ocrx_word' id='word_1_265' title='bbox 447 3494 549 3533; x_wconf 89' lang='lat' dir='ltr'>belli</span> <span class='ocrx_word' id='word_1_266' title='bbox 578 3493 755 3534; x_wconf 80' lang='lat' dir='ltr'>Gothici</span> <span class='ocrx_word' id='word_1_267' title='bbox 783 3497 978 3545; x_wconf 81' lang='lat' dir='ltr'>tempora</span> <span class='ocrx_word' id='word_1_268' title='bbox 1008 3495 1164 3534; x_wconf 86' lang='lat' dir='ltr'>vixisse</span> <span class='ocrx_word' id='word_1_269' title='bbox 1186 3497 1413 3536; x_wconf 84' lang='lat' dir='ltr'>videbatur</span> <span class='ocrx_word' id='word_1_270' title='bbox 1428 3497 1650 3537; x_wconf 88' lang='lat' dir='ltr'>NHeinsio</span> <span class='ocrx_word' id='word_1_271' title='bbox 1681 3496 1747 3547; x_wconf 83' lang='lat' dir='ltr'>(cf</span> <span class='ocrx_word' id='word_1_272' title='bbox 1758 3499 1852 3537; x_wconf 86' lang='lat' dir='ltr'>eius</span> <span class='ocrx_word' id='word_1_273' title='bbox 1882 3496 2109 3547; x_wconf 87' lang='lat' dir='ltr'>epistolam</span> <span class='ocrx_word' id='word_1_274' title='bbox 2138 3497 2196 3535; x_wconf 87' lang='lat' dir='ltr'>ad</span> 
     </span>
     <span class='ocr_line' id='line_1_32' title="bbox 110 3563 1238 3619; baseline 0.003 -17"><span class='ocrx_word' id='word_1_275' title='bbox 110 3563 457 3603; x_wconf 74' lang='lat' dir='ltr'>ThMunckerutn</span> <span class='ocrx_word' id='word_1_276' title='bbox 488 3565 637 3604; x_wconf 83' lang='lat' dir='ltr'>datam</span> <span class='ocrx_word' id='word_1_277' title='bbox 670 3566 714 3605; x_wconf 90' lang='lat' dir='ltr'>in</span> <span class='ocrx_word' id='word_1_278' title='bbox 740 3567 872 3616; x_wconf 81' lang='lat' dir='ltr'>praes</span> <span class='ocrx_word' id='word_1_279' title='bbox 892 3566 1020 3615; x_wconf 77' lang='lat' dir='ltr'>Myth</span> <span class='ocrx_word' id='word_1_280' title='bbox 1050 3566 1132 3604; x_wconf 81' lang='lat' dir='ltr'>Lat</span> <span class='ocrx_word' id='word_1_281' title='bbox 1158 3564 1238 3619; x_wconf 83' lang='grc' dir='ltr'><em>ΙΙ).</em></span> 
     </span>
    </p>

    <p class='ocr_par' dir='ltr' id='par_1_11' title="bbox 102 3633 2196 3760">
     <span class='ocr_line' id='line_1_33' title="bbox 247 3633 2196 3688; baseline 0.002 -15"><span class='ocrx_word' id='word_1_282' title='bbox 247 3633 288 3683; x_wconf 89' lang='lat'>3)</span> <span class='ocrx_word' id='word_1_283' title='bbox 318 3634 366 3683; x_wconf 82' lang='lat' dir='ltr'>cf</span> <span class='ocrx_word' id='word_1_284' title='bbox 387 3633 595 3683; x_wconf 82' lang='lat' dir='ltr'>RSchulz,</span> <span class='ocrx_word' id='word_1_285' title='bbox 624 3635 687 3674; x_wconf 92' lang='lat' dir='ltr'>De</span> <span class='ocrx_word' id='word_1_286' title='bbox 704 3635 1006 3686; x_wconf 84' lang='lat' dir='ltr'>Mythographi</span> <span class='ocrx_word' id='word_1_287' title='bbox 1035 3636 1232 3676; x_wconf 89' lang='lat' dir='ltr'>Vaticani</span> <span class='ocrx_word' id='word_1_288' title='bbox 1264 3637 1393 3687; x_wconf 88' lang='lat' dir='ltr'>primi</span> <span class='ocrx_word' id='word_1_289' title='bbox 1421 3637 1611 3677; x_wconf 76' lang='lat' dir='ltr'>fontibus</span> <span class='ocrx_word' id='word_1_290' title='bbox 1637 3637 1750 3685; x_wconf 83' lang='lat' dir='ltr'>(Diss</span> <span class='ocrx_word' id='word_1_291' title='bbox 1769 3636 1850 3676; x_wconf 87' lang='lat' dir='ltr'>Hal</span> <span class='ocrx_word' id='word_1_292' title='bbox 1873 3637 2001 3688; x_wconf 88' lang='lat'>1905)</span> <span class='ocrx_word' id='word_1_293' title='bbox 2029 3650 2061 3688; x_wconf 90' lang='lat' dir='ltr'>p</span> <span class='ocrx_word' id='word_1_294' title='bbox 2082 3638 2196 3687; x_wconf 82' lang='lat' dir='ltr'>46sq</span> 
     </span>
     <span class='ocr_line' id='line_1_34' title="bbox 102 3703 2136 3760; baseline 0.003 -19"><span class='ocrx_word' id='word_1_295' title='bbox 102 3704 149 3741; x_wconf 84' lang='lat' dir='ltr'>et</span> <span class='ocrx_word' id='word_1_296' title='bbox 176 3703 426 3753; x_wconf 86' lang='lat' dir='ltr'>FKeseling‚</span> <span class='ocrx_word' id='word_1_297' title='bbox 456 3704 518 3744; x_wconf 91' lang='lat' dir='ltr'>De</span> <span class='ocrx_word' id='word_1_298' title='bbox 548 3705 847 3756; x_wconf 86' lang='lat' dir='ltr'>Mythographi</span> <span class='ocrx_word' id='word_1_299' title='bbox 876 3706 1073 3746; x_wconf 88' lang='lat' dir='ltr'>Vaticani</span> <span class='ocrx_word' id='word_1_300' title='bbox 1103 3706 1279 3746; x_wconf 87' lang='lat' dir='ltr'>secundi</span> <span class='ocrx_word' id='word_1_301' title='bbox 1311 3708 1503 3747; x_wconf 71' lang='lat' dir='ltr'>fontibus</span> <span class='ocrx_word' id='word_1_302' title='bbox 1533 3706 1650 3760; x_wconf 87' lang='lat' dir='ltr'>(Diss</span> <span class='ocrx_word' id='word_1_303' title='bbox 1680 3707 1762 3746; x_wconf 91' lang='lat' dir='ltr'>Hal</span> <span class='ocrx_word' id='word_1_304' title='bbox 1805 3707 1930 3758; x_wconf 88' lang='lat'>1908)</span> <span class='ocrx_word' id='word_1_305' title='bbox 1959 3720 1991 3758; x_wconf 93' lang='lat' dir='ltr'>p</span> <span class='ocrx_word' id='word_1_306' title='bbox 2011 3710 2136 3757; x_wconf 88' lang='lat' dir='ltr'>98sq.</span> 
     </span>
    </p>

    <p class='ocr_par' dir='ltr' id='par_1_12' title="bbox 1760 3775 1854 3818">
     <span class='ocr_line' id='line_1_35' title="bbox 1760 3775 1854 3818; baseline 0 0"><span class='ocrx_word' id='word_1_307' title='bbox 1760 3778 1815 3818; x_wconf 85' lang='lat'>40</span> <span class='ocrx_word' id='word_1_308' title='bbox 1831 3775 1854 3801; x_wconf 93' lang='lat'><em>*</em></span> 
     </span>
    </p>
   </div>
  </div>
 </body>
</html>
