2580 4088
375 205 486 254 450
865 204 1024 251 Graeci
1053 202 1238 250 Aulide.
1278 204 1431 248 Fama.
1469 201 1676 246 Achilles
1706 209 1753 246 et
1781 201 1983 260 Cygnus.

378 348 675 416 Seditioque
710 363 891 402 recens
929 336 1186 415 dubioque
1224 347 1431 399 auctore
1471 343 1696 397 Susurri.

375 434 503 502 ipsa,
540 432 665 501 quid
701 433 755 484 in
793 433 935 486 caelo
967 448 1143 485 rerum
1178 431 1463 499 pelagoque
1501 430 1712 496 geratur

377 520 431 572 et
465 518 668 581 tellure,
704 517 843 570 videt
877 518 1151 584 totumque
1189 514 1406 582 inquirit
1441 514 1497 566 in
1534 513 1731 567 orbem.

121 622 306 665 Annales
319 626 359 663 et
517 604 731 656 Fecerat
765 602 894 655 haec
928 604 1112 654 notum
1149 598 1336 652 Graias
1374 614 1496 651 cum
1531 597 1699 652 milite
1736 597 1857 653 forti

152 679 335 733 Cygnus.
376 688 650 742 adventare
686 688 838 750 rates,
874 701 1043 753 neque
1078 685 1464 752 inexspectatus
1500 683 1557 736 in
1593 683 1752 737 armis
2414 692 2466 734 65

376 773 540 825 hostis
577 771 743 824 adest:
780 771 1055 838 prohibent
1091 770 1262 822 aditus
1297 769 1527 837 litusque
1563 770 1780 823 tuentur

377 857 547 921 TroeS,
584 858 637 909 et
670 855 928 908 Hectorea
963 855 1161 923 primus
1199 853 1427 906 fataliter
1462 854 1625 918 hasta,

376 941 672 1005 Protesilae,
709 940 866 1004 cadis,
903 940 1284 1007 commissaque
1321 939 1516 1007 proelia
1551 954 1744 1007 magno

378 1027 521 1078 stant
555 1025 764 1092 Danais,
800 1024 1049 1092 fortisque
1087 1025 1291 1077 animae
1327 1039 1453 1077 nece
1491 1026 1730 1092 cognitus
1766 1023 1980 1078 Hector.
2543 1075 2546 1077 Α

377 1126 474 1163 nec
509 1110 739 1178 Phryges
778 1111 975 1177 exigu0,
1011 1110 1136 1178 quid
1173 1109 1400 1162 Achaica
1437 1109 1646 1163 dextera
1681 1109 1857 1178 possit,
2419 1117 2469 1159 ’το

379 1195 630 1262 sanguine
667 1197 955 1259 senserunt,
992 1198 1045 1248 et
1080 1195 1187 1247 iam
1226 1194 1381 1261 Sigea
1415 1195 1675 1248 rubebant

376 1279 541 1348 litora,
577 1280 687 1332 iam
723 1280 827 1333 leto
863 1280 1034 1345 proles
1071 1280 1336 1348 Neptunia
1372 1279 1584 1348 Cygnus

377 1364 522 1418 mille
559 1366 692 1418 viros
731 1365 958 1430 dederat,
993 1365 1100 1417 iam
1136 1381 1291 1418 curru
1327 1365 1560 1418 instabat
1593 1363 1824 1418 Achilles

378 1451 588 1517 totaque
626 1450 860 1503 Peliacae
899 1450 1164 1503 sternebat
1200 1449 1429 1518 cuspidis
1465 1450 1576 1503 ictu
2546 1489 2558 1511 ,·

380 1535 603 1601 agmina,
641 1550 833 1602 perque
874 1535 1011 1587 acies
1048 1536 1140 1587 aut
1176 1533 1418 1602 Cygnum
1455 1536 1547 1587 aut
1581 1534 1810 1588 Hectora
1846 1548 2102 1602 quaerens
2419 1540 2471 1583 ’15
2546 1543 2568 1590 ι’,

380 1620 710 1686 congreditur
746 1619 927 1687 Cygno
966 1619 1248 1683 (decimum
1286 1620 1478 1673 dilatus
1513 1621 1570 1672 in
1607 1635 1805 1672 annum

380 1703 572 1756 Hector
608 1706 767 1768 erat):
805 1706 921 1756 tum
958 1704 1091 1756 colla
1125 1704 1246 1771 iugo
1284 1705 1525 1757 canentia
1559 1719 1764 1771 pressos

383 1788 679 1841 exhortatus
716 1803 877 1856 equos
914 1804 1123 1841 currum
1162 1789 1345 1841 direxit
1378 1789 1434 1841 in
1470 1789 1674 1842 hostem

384 1874 786 1941 concutiensque
825 1874 933 1926 suis
970 1874 1226 1927 vibrantia
1261 1874 1368 1926 tela
1401 1874 1611 1927 lacertis

383 2224 438 2280 cf
458 2224 625 2269 NJhbb
655 2224 779 2277 1893,
810 2225 896 2269 614
925 2227 969 2269 et
1001 2224 1090 2268 Tae
1119 2225 1220 2281 Agr
1248 2225 1321 2278 36)
1351 2224 1424 2269 Hs
1453 2225 1603 2281 vulgo,
1647 2224 1938 2280 Additioque
1967 2213 2124 2268 recens
2153 2222 2297 2276 Folle,
2332 2222 2471 2268 Reni-

385 2296 553 2350 gioque
573 2308 726 2339 recens
746 2294 961 2350 Zinyerle
1062 2295 1120 2339 63
1149 2295 1338 2352 requirit
1366 2310 1394 2351 ς
1478 2296 1536 2340 64
1563 2294 1652 2339 hoc
1670 2301 1830 2339 notum
1849 2295 1922 2339 M
1952 2294 1966 2350 ΙΙ
1989 2294 2132 2338 limite
2152 2295 2173 2338 l
2267 2293 2327 2339 66
2354 2293 2470 2350 imq

386 2367 443 2409 e2
474 2367 487 2421 ΙΙ
527 2365 862 2422 prohibentque
899 2365 979 2409 VA
1028 2367 1042 2421 ΙΙ
1084 2366 1212 2410 aditu
1242 2367 1318 2410 Hs
1346 2367 1479 2423 vulgo
1510 2366 1621 2410 olim
1787 2367 1846 2411 67
1875 2365 2046 2421 Troees
2077 2364 2134 2408 F
2178 2365 2194 2421 ΙΙ
2243 2363 2472 2410 haectorea

386 2479 465 2531 M,
495 2478 676 2523 hectora
707 2480 739 2532 l,
769 2478 980 2523 hectorea
1007 2479 1027 2522 i
1055 2493 1080 2522 r
1109 2480 1175 2523 h2
1316 2479 1481 2530 68l131
1510 2481 1699 2524 emetant
1725 2480 1777 2523 in
1805 2493 1837 2523 τ
1977 2479 2036 2524 68
2065 2478 2157 2523 Pro
2186 2483 2234 2523 te
2264 2433 2375 2523 sugg
2395 2438 2471 2532 'NT
2557 2484 2566 2509 ’

386 2550 607 2594 Protesile
633 2565 664 2594 τ
686 2550 699 2606 ΙΙ
721 2550 861 2605 proel.
883 2549 1050 2594 damno
1080 2565 1107 2605 ς
1239 2550 1298 2595 69
1327 2550 1462 2594 danai
1490 2550 1563 2594 M
1595 2550 1610 2606 11
1645 2549 1867 2607 fortisque
1888 2563 1958 2594 an.
1988 2562 2101 2594 nece
2128 2549 2180 2593 in
2201 2547 2473 2594 Burmanni

386 2623 475 2679 syll
495 2636 546 2677 ep
560 2621 656 2665 ΙΙΙ
671 2621 757 2665 447
775 2621 1002 2677 Huyyens
1031 2623 1076 2665 et
1102 2624 1208 2676 post
1232 2636 1336 2666 eum
1365 2622 1417 2666 in
1445 2622 1569 2665 noti-3
1597 2621 1791 2665 editioni
1809 2620 1964 2665 Burm
1995 2620 2243 2676 adscriptis
2260 2619 2469 2677 Bentley,

385 2694 518 2749 vnlyo
530 2695 641 2749 post
659 2692 908 2736 Heinsiwm
943 2692 957 2747 ΙΙ
979 2691 1213 2748 fomesque
1242 2692 1293 2736 Α
1325 2710 1361 2733 ω
1398 2692 1413 2748 ΙΙ
1435 2693 1577 2742 anim!
1608 2692 1680 2747 (ae
1708 2693 1806 2748 fort
1833 2695 1951 2746 eras)
1977 2691 2052 2736 M
2082 2691 2097 2747 ss
2118 2702 2202 2736 nec
2221 2702 2355 2747 cogn.
2385 2691 2408 2735 l
2434 2702 2472 2746 a

388 2763 487 2819 VA,
516 2777 574 2808 ne
603 2776 736 2818 cogn.
764 2778 815 2818 μ,
848 2775 994 2819 neque
1029 2776 1160 2819 cogn.
1192 2763 1243 2807 Α.
1273 2763 1320 2809 R
1355 2764 1369 2819 ΙΙ
1407 2768 1482 2806 καὶ
1514 2766 1649 2820 ἀρετὴ
1683 2770 1844 2818 ψυχῶν
1874 2768 1968 2805 ἐκεῖ
1995 2761 2318 2806 ὸιαὸείκνυται.
2374 2762 2471 2805 Καὶ

387 2838 546 2879 μέντοι
576 2830 676 2876 οὐδ’
700 2838 724 2875 ὀ
756 2826 1160 2890 ἐπίσημοςαΕκτωρ
1192 2832 1297 2877 οὐδὲ
1329 2839 1377 2877 οἱ
1400 2836 1568 2891 Φρύγες
1598 2831 1732 2891 ὀλίγῳ
1755 2833 1914 2889 αἵματι
1938 2837 1984 2876 τί
2013 2830 2126 2879 ποτ’
2158 2835 2218 2876 ἂν
2247 2826 2469 2888 ἡᾍχαῖκή

388 2909 480 2960 χεὶρ
513 2902 700 2947 δύναιτο
729 2902 940 2958 ᾔσθοντο
965 2904 1091 2949 Plan
1128 2905 1142 2960 ΙΙ
1191 2904 1427 2962 fortesque
1457 2919 1527 2949 an.
1561 2904 1763 2949 cecidere
1791 2903 1876 2949 sub
1908 2903 2094 2948 umbras
2121 2904 2191 2948 vel
2217 2902 2250 2948 f.
2281 2917 2353 2948 an.
2383 2902 2469 2948 sub
2538 2955 2541 2957 ,

387 2973 574 3018 Tartara
594 2974 757 3019 missae
777 2974 1074 3028 Lindemann
1180 2976 1236 3021 70
1254 2976 1295 3019 N
1298 2989 1348 3021 ec
1367 2976 1490 3032 paris
1510 2977 1591 3030 M
1614 2975 1655 3019 N
1658 2988 1708 3020 ec
1729 2975 1887 3030 (friges
1905 2975 1925 3019 i
1942 2988 1970 3018 r
1987 2989 2035 3018 ‘m
2054 2974 2100 3028 2)
2119 2975 2175 3019 Ν
2193 2974 2208 3030 ΙΙ
2229 2973 2392 3030 phiges
2410 2974 2471 3028 F,

387 3043 528 3100 friges
558 3045 579 3087 l
607 3059 634 3100 ς
675 3045 690 3099 ΙΙ
729 3045 897 3101 exiguo
926 3046 946 3090 i
972 3059 999 3089 r
1027 3047 1094 3090 h2
1133 3046 1147 3102 ΙΙ
1188 3046 1344 3091 achaia
1373 3059 1402 3091 e
1431 3048 1469 3091 Ιι
1498 3061 1526 3103 ς
1565 3047 1580 3102 ΙΙ
1621 3046 1768 3103 possit
1796 3045 1865 3101 (ef
1877 3045 2073 3089 Hermes
2089 3043 2315 3089 XXXIX
2340 3045 2471 3100 «5789)

388 3115 460 3158 M
484 3116 539 3157 F
558 3126 587 3158 e
618 3133 667 3171 ω,
697 3121 854 3171 posset
881 3117 919 3160 h
947 3116 968 3159 l
995 3128 1037 3160 n
1066 3131 1094 3173 ς
1122 3117 1197 3161 Hs
1225 3117 1371 3174 vulgo,
1401 3130 1540 3174 posse
1569 3117 1630 3161 N
1745 3117 1798 3161 71
1829 3116 1955 3172 sigea
1983 3130 2012 3171 ς
2040 3116 2095 3159 ed
2115 3115 2324 3160 Juntina
2345 3114 2470 3173 1522,

614 3188 684 3227 lm
674 3192 682 3201 ‘
732 3190 788 3228 ia2
2457 3202 2462 3207 ·
2542 3187 2561 3227 ’.

390 3242 543 3297 sigaea
572 3256 611 3298 ς,
652 3203 832 3298 signata
861 3255 904 3298 e,
934 3243 1113 3299 signata
1141 3245 1192 3288 A
1224 3263 1261 3286 ω
1378 3244 1434 3290 72
1462 3244 1690 3302 cy(i)gnus
1721 3243 1931 3299 (semper)
1960 3243 2026 3299 A,
2058 3242 2240 3300 Cycnus
2267 3242 2355 3286 edd
2379 3242 2475 3286 vett
2531 3238 2560 3278 ἓ

391 3311 447 3357 73
474 3311 563 3356 iam
593 3325 723 3357 curru
766 3312 966 3357 instabat
993 3314 1259 3359 Farnabius
1300 3315 1448 3371 vulgo,
1492 3315 1583 3359 iam
1627 3328 1758 3360 curru
1802 3314 1955 3359 stabat
1990 3311 2177 3358 achilles
2213 3312 2288 3357 M
2307 3325 2351 3368 μ
2377 3323 2416 3367 a
2443 3325 2473 3368 ς
2573 3345 2578 3350 -

389 3381 448 3438 R,
493 3381 582 3426 iam
626 3395 780 3427 currus
809 3383 961 3428 stabat
988 3384 1159 3429 achillis
1186 3399 1218 3429 τ
1247 3386 1308 3429 N
1328 3386 1389 3430 X
1413 3386 1498 3432 VA
1671 3386 1727 3431 74
1755 3384 1967 3441 Troaque
2010 3381 2188 3428 eMedie
2223 3382 2300 3426 Hs
2337 3381 2472 3438 vulgo

391 3452 500 3496 olim
656 3453 711 3498 75
739 3466 907 3510 perque
935 3455 955 3498 i
982 3468 1009 3498 r
1035 3467 1078 3499 n
1127 3456 1141 3511 ΙΙ
1191 3455 1388 3500 haeetore
1416 3456 1489 3500 M
1533 3456 1547 3511 ΙΙ
1599 3455 1778 3512 quaerit
1806 3457 1845 3499 h
2033 3453 2089 3499 76
2117 3451 2271 3497 dilatis
2299 3453 2351 3507 Ιι,
2395 3451 2473 3496 de-

391 3521 508 3566 latus
551 3537 578 3578 ς
727 3525 780 3569 77
810 3524 1050 3569 candentia
1077 3540 1104 3581 ς
1134 3526 1208 3570 Hs
1236 3527 1370 3582 vnlyo
1400 3526 1509 3571 olim
1665 3527 1720 3572 78
1748 3525 1997 3570 Exortatus
2023 3525 2088 3568 M
2120 3524 2160 3568 h
2188 3523 2211 3567 l
2237 3521 2343 3576 RV,
2380 3521 2472 3567 Ex-
2511 3509 2527 3547 f.

393 3596 582 3645 ortatu(r
608 3607 664 3637 ea:
694 3602 731 3646 s)
760 3596 824 3650 N,
855 3594 1133 3640 Exhortatur
1160 3609 1197 3651 9
1226 3611 1254 3653 ς
1294 3598 1308 3652 ΙΙ
1350 3602 1512 3653 equo(s
1541 3597 1561 3641 i
1590 3611 1614 3641 r
1642 3612 1690 3641 m
1717 3597 1762 3649 2)
1790 3596 1847 3640 Ν
1954 3595 2011 3640 79
2038 3593 2249 3639 uulcania
2284 3591 2420 3639 cVoea
2446 3592 2464 3648 Ι

392 3660 500 3706 feris
530 3662 749 3708 Vulcania
776 3665 867 3709 tela
895 3666 1002 3710 inde
1030 3665 1178 3711 Bothe

2549 1596 2571 2106 l

524 2154 580 2198 61
610 2167 765 2198 recens
794 2152 939 2209 recepi
968 2168 1025 2197 ex
1054 2154 1106 2197 A
1138 2172 1189 2207 ω,
1229 2154 1330 2198 Sed.
1361 2167 1532 2198 nocens
1559 2153 1770 2197 eeBersm
1809 2156 1853 2198 et
1882 2153 2012 2207 Leid,
2043 2152 2148 2197 Sed.
2178 2165 2343 2209 repens
2376 2149 2472 2204 (sed
2547 2107 2577 2416 ι

2537 2934 2564 3326 Ξ
