2580 4088
343 216 445 265 218
1216 218 1443 275 Agrestes
1472 220 1612 278 Lycii.

340 360 536 414 restitit
573 363 626 414 et
664 361 847 430 pavido
891 361 1096 429 „faveas
1134 362 1289 414 mihi!
1310 361 1334 386 ‘⁴
1378 378 1643 415 murmure
1681 364 1808 418 dixit

342 445 445 499 dux
483 462 646 510 meus,
682 448 734 499 et
772 446 930 499 simili
972 445 1204 513 „faveasl
1224 446 1248 470 ‘⁶
1291 462 1385 514 ego
1423 463 1690 503 murmure
1728 450 1844 504 dixi.

340 530 591 584 naiadum
627 531 862 584 Faunine
900 531 1029 584 forst
1066 533 1245 584 tamen
1281 547 1371 584 ara
1405 533 1652 600 rogabam

338 616 684 685 indigenaene
724 616 822 681 dei,
861 631 982 669 cum
1018 617 1146 669 talia
1180 616 1385 670 rettulit
1421 618 1633 686 hospes:
2361 633 2434 675 330

487 702 634 770 „Non
675 702 788 761 hac,
828 717 856 754 o
895 702 1112 766 iuveniS,
1149 704 1459 756 montanum
1495 719 1692 758 numen
1728 706 1783 758 in
1821 721 1909 759 ara
1945 710 2045 761 est:

337 786 430 839 illa
468 802 618 839 suam
655 788 806 840 vocat
842 787 992 849 hanc,
1031 787 1112 839 cui
1150 787 1414 854 quondam
1448 789 1591 856 regia
1627 791 1849 844 coniunx

339 872 519 925 orbem
556 872 833 935 interdixit,
874 886 1033 938 quam
1069 872 1152 924 vix
1189 874 1407 927 erratica
1444 874 1601 928 Delos

339 958 576 1010 orantem
616 957 830 1025 accepit,
869 960 985 1009 tum
1024 971 1144 1010 cum
1181 957 1310 1012 levis
1345 958 1519 1012 insula
1553 961 1727 1014 nabat.

335 1042 445 1095 illic
481 1043 792 1095 incumbens
832 1058 953 1095 cum
991 1042 1221 1096 Palladis
1260 1044 1440 1097 arbore
1476 1046 1680 1114 palmae
2359 1058 2432 1100 335

338 1128 499 1182 edidit
536 1129 699 1181 invita
737 1129 972 1195 geminos
1009 1128 1211 1182 Latona
1246 1145 1478 1183 noverca.

336 1214 460 1266 hinc
499 1229 702 1281 quoque
740 1213 999 1266 Iunonem
1034 1214 1230 1282 fugisse
1267 1230 1519 1283 puerpera
1555 1216 1718 1270 fertur

335 1299 495 1366 inque
533 1315 626 1352 suo
663 1302 899 1368 portasse
939 1300 1073 1364 sinu,
1111 1300 1212 1353 duo
1249 1302 1482 1366 numina,
1517 1304 1682 1357 natos,

334 1384 545 1452 iamque
583 1384 1005 1450 Chimaeriferae,
1042 1401 1166 1439 cum
1204 1386 1282 1439 sol
1317 1387 1487 1454 gravis
1524 1391 1696 1442 ureret
1733 1405 1867 1449 arva,

334 1470 528 1523 finibus
565 1470 622 1523 in
657 1471 849 1539 Lyciae
887 1471 1042 1539 longo
1080 1471 1177 1525 dea
1213 1470 1354 1526 fessa
1390 1473 1564 1527 labore
2360 1483 2434 1526 ³4⁰

336 1555 535 1611 sidereo
573 1556 767 1610 siccata
804 1557 948 1610 sitim
985 1558 1212 1623 conlegit
1249 1558 1314 1611 ab
1353 1560 1516 1622 aestu,

336 1641 600 1709 uberaque
639 1642 913 1695 ebiberant
950 1643 1087 1696 avidi
1124 1643 1375 1696 lactantia
1411 1644 1537 1696 nati.

482 1872 619 1922 34o³q
651 1873 826 1912 Servius
855 1872 903 1910 in
930 1885 1052 1923 qeory
1090 1873 1119 1910 I
1153 1869 1268 1911 378:
1308 1871 1454 1911 fabula
1490 1872 1655 1922 duplex
1687 1876 1770 1911 est:
1810 1884 1910 1911 nam
1947 1876 1995 1911 ut
2031 1871 2267 1912 Ovidius
2311 1871 2430 1922 dicit,

336 1942 463 1983 Ceres
497 1955 594 1983 cum
612 1943 913 1994 Proserpinam
943 1946 1181 1995 quaereret,
1212 1943 1268 1982 ad
1300 1942 1573 1983 relevandam
1605 1942 1720 1982 sitim
1751 1942 1927 1982 accessit
1956 1942 2009 1982 ad
2040 1943 2253 1994 quendam
2270 1943 2432 1983 fontem

335 2030 382 2066 sq
433 2014 447 2067 Η
513 2016 624 2055 idem
653 2016 699 2054 in
727 2028 850 2066 qeorq
880 2015 964 2054 III
988 2011 1094 2054 431:
1140 2018 1182 2053 et
1209 2006 1505 2064 ‘loquacibus’
1537 2013 1633 2053 ideo
1663 2014 1765 2064 quia
1792 2026 1847 2052 ex
1878 2012 2122 2053 hominibus
2154 2013 2287 2054 factae
2317 2016 2430 2063 sunt,

336 2090 385 2126 ut
413 2085 519 2126 dicit
548 2085 790 2126 Ovidius.
839 2087 888 2136 cf
911 2087 1060 2137 Hayen
1091 2086 1211 2125 Schol
1242 2087 1475 2125 Bernensia
1506 2086 1552 2124 in
1591 2086 1693 2136 'Verq
1723 2088 1815 2124 Buc
1844 2089 1967 2135 atque
2001 2086 2131 2136 Georq
2160 2086 2268 2124 Jhbb
2280 2085 2348 2136 fcl
2367 2085 2432 2125 Ph

336 2159 474 2209 Suppl
502 2159 574 2198 IV
601 2155 707 2198 948.

477 2229 694 2280 Anonymi
725 2228 861 2267 brevis
891 2227 1093 2277 expositio
1123 2228 1170 2266 in
1203 2229 1333 2279 Georq
1363 2230 1393 2267 I
1410 2225 1438 2267 3
1446 2227 1472 2267 7
1474 2226 1502 2267 8
1534 2226 1708 2279 (Haqen
1733 2228 1957 2279 Appendioe
1977 2227 2181 2267 Sem-viarm
2203 2239 2236 2277 p
2255 2223 2358 2267 260
2371 2239 2431 2277 oq.

335 2302 385 2352 cs
397 2302 547 2352 Hagen
570 2300 691 2339 Schol
710 2301 824 2338 Bern
846 2301 902 2338 ad
929 2300 1031 2351 Verq
1061 2301 1153 2338 Buc
1183 2302 1306 2349 atque
1331 2300 1460 2351 Georq
1480 2301 1588 2340 Jhbb
1599 2300 1637 2350 f
1649 2301 1686 2339 cl
1707 2301 1772 2339 Ph
1793 2299 1929 2350 Suppl
1950 2300 2021 2339 IV
2039 2296 2069 2338 8
2076 2296 2153 2349 74)
2166 2318 2176 2337 .·
2201 2296 2432 2338 Ovidius

335 2370 462 2413 dicit:
493 2370 620 2410 Ceres
641 2382 738 2409 cum
759 2368 1060 2421 Proserpinam
1091 2369 1338 2419 quaesisset,
1360 2369 1414 2409 ad
1434 2369 1666 2410 bibendum
1688 2370 1864 2409 accessit
1885 2369 1938 2409 ad
1959 2369 2174 2420 quendam
2194 2370 2354 2409 fontem
2368 2382 2430 2420 sq.

479 2443 560 2482 342
593 2442 849 2481 Priscianus
878 2442 923 2480 X
934 2439 1012 2481 14:
1044 2440 1129 2480 alia
1160 2453 1263 2481 vero
1293 2454 1318 2480 o
1347 2441 1393 2480 in
1423 2441 1438 2480 i
1468 2444 1637 2482 mutant
1666 2442 1710 2480 in
1742 2442 1988 2492 praeterito,
2020 2446 2069 2480 ut
2092 2435 2220 2482 ‘bibo
2249 2436 2362 2481 bibi’
2383 2471 2395 2482 .
2418 2471 2429 2480 .

336 2513 569 2554 Ovidius
599 2512 644 2551 in
675 2512 738 2551 VI
768 2512 1293 2562 metamorphoseon:
1319 2503 1330 2519 ³
1352 2513 1631 2563 Vberaque
1663 2512 1949 2552 ebiberant
1980 2512 2130 2552 avidi
2167 2512 2431 2553 lactantia

336 2584 562 2634 [luctantia
596 2585 645 2632 G]
676 2575 825 2624 nati'.

476 2794 562 2840 327
593 2800 639 2839 et
668 2795 839 2851 pauido
872 2795 928 2837 F
951 2797 988 2838 h
1019 2796 1039 2838 l
1069 2809 1096 2850 ς
1127 2794 1184 2847 R,
1215 2799 1263 2839 et.
1293 2794 1429 2850 paulo
1461 2795 1494 2850 β
1528 2793 1574 2836 O
1604 2806 1632 2836 e
1662 2808 1701 2850 ς,
1732 2800 1778 2838 et
1806 2806 1949 2849 paruo
1978 2791 2046 2847 (cf
2070 2791 2153 2836 IV
2173 2791 2238 2837 83
2258 2791 2356 2847 fast
2391 2789 2433 2835 V

334 2866 437 2923 458)
469 2881 497 2922 ς
526 2866 610 2911 VA
640 2866 774 2911 Riese
795 2867 811 2921 ss
841 2865 1093 2910 ‘faveamus
1124 2865 1202 2910 Ms
1231 2869 1277 2911 et
1304 2866 1367 2910 sic
1397 2879 1504 2909 mox
1536 2864 1755 2921 Scaliger’
1775 2879 1813 2921 p
1844 2863 1926 2909 311
1958 2861 2086 2908 Mser
2112 2862 2230 2907 Diez
2261 2861 2429 2907 BSant

335 2937 436 2981 1482
467 2937 543 2980 Hs
626 2936 713 2982 328
743 2951 816 2981 om
845 2949 883 2993 9
906 2939 921 2990 ῐΙ
940 2937 999 2986 ist
1029 2939 1098 2987 (ut
1125 2938 1234 2994 fuit)
1265 2936 1401 2982 simili
1431 2937 1510 2990 M,
1540 2939 1609 2985 est
1637 2936 1716 2987 (sic
1735 2949 1791 2979 em
1818 2941 1872 2979 ut
1898 2948 1944 2979 m
1964 2934 2012 2990 2)
2042 2935 2109 2991 N,
2140 2933 2430 2990 ioexpumn't

333 3021 379 3050 m
409 3007 454 3059 2)
484 3013 532 3051 et
561 3007 695 3051 simili
725 3009 760 3064 β
801 3010 815 3063 Η
856 3008 1015 3053 faueas
1054 3007 1166 3052 mihi
1204 3021 1233 3052 e
1255 3020 1301 3062 p
1330 3023 1357 3064 ς
1498 3006 1590 3052 330
1615 3006 1926 3062 Indigenaene
1968 3006 2038 3062 (cf
2058 3003 2268 3051 Mnemos
2299 3004 2425 3062 1890,

334 3078 418 3122 194
448 3078 702 3131 Hartman)
724 3091 769 3132 p
801 3094 829 3134 ς
858 3078 1067 3135 Ehwald,
1114 3078 1430 3136 Indigeneque
1458 3091 1498 3131 e,
1544 3077 1912 3137 Indigenelaeme
1942 3077 1991 3120 A
2022 3095 2060 3122 ω
2090 3076 2224 3133 vulyo
2271 3077 2288 3132 u
2333 3075 2427 3131 deis

334 3218 372 3248 c.
393 3212 426 3248 t.
456 3165 610 3249 rettulit
636 3207 708 3249 M
739 3208 753 3261 ΙΙ
791 3213 886 3250 tum
917 3207 972 3249 F
993 3207 1013 3249 l
1041 3206 1221 3261 eeGoth,
1252 3207 1324 3251 cui
1354 3221 1382 3262 ς
1422 3208 1434 3260 ΙΙ
1477 3203 1678 3249 reddidit
1704 3217 1733 3248 s
1761 3203 1962 3259 cSprotii
1991 3218 2020 3259 ς
2049 3205 2123 3247 Hs
2152 3203 2286 3260 vulyo
2315 3202 2424 3248 olim

335 3275 423 3321 332
451 3275 578 3332 regia
606 3277 716 3321 iuno
748 3279 785 3333 (l
803 3278 1004 3322 coniunx
1032 3291 1128 3321 sser
1156 3285 1206 3333 q)
1227 3291 1265 3333 9
1294 3292 1322 3334 ς
1350 3277 1426 3321 Hs
1454 3275 1587 3332 vulgo
1617 3275 1739 3330 olim,
1769 3275 1823 3330 ef
1833 3275 1933 3318 Aen
1956 3274 2006 3319 X
2019 3275 2081 3320 62
2189 3273 2277 3320 Q
2304 3273 2426 3319 Orbe

337 3362 365 3403 ς
393 3347 546 3391 Burm
579 3347 595 3403 ss
634 3348 841 3404 quamuis
861 3362 943 3393 err.
966 3361 1011 3403 p
1040 3363 1068 3405 ς
1179 3349 1267 3395 334
1295 3348 1532 3392 Errantem
1551 3350 1586 3398 (i
1606 3346 1726 3391 Oran
1744 3359 1839 3390 sser
1858 3345 1924 3402 6²)
1946 3358 1975 3389 e
2004 3360 2032 3402 ς
2062 3364 2099 3386 ω
2140 3346 2154 3400 ΙΙ
2195 3350 2303 3389 tuuc
2322 3356 2424 3389 cum

338 3420 376 3461 h
404 3433 431 3473 ς
456 3417 550 3471 VA,
580 3425 626 3462 te
657 3421 727 3472 (επ
756 3425 800 3464 tc
820 3441 874 3455 =
905 3425 1013 3464 tunc
1042 3422 1210 3472 ortum)
1241 3433 1342 3463 cum
1372 3419 1418 3463 R
1558 3417 1643 3463 337
1674 3416 1847 3472 fugisse
1873 3428 1956 3472 per
1983 3417 2087 3460 auia
2113 3415 2257 3460 fertur
2283 3414 2424 3460 cLeid

336 3488 422 3534 338
452 3492 556 3538 suos
587 3502 630 3544 p.
654 3491 774 3539 sinus
806 3491 885 3545 M,
916 3503 1026 3535 suos
1044 3503 1087 3546 p.
1116 3492 1242 3535 sinus
1274 3491 1391 3543 (sinu
1420 3495 1476 3543 η)
1510 3490 1545 3546 β
1575 3489 1635 3532 Ν
1658 3503 1686 3543 ς
1713 3486 1927 3541 cSprotii,
1958 3486 2061 3531 sinu
2080 3499 2124 3542 p.
2144 3499 2252 3531 suos
2273 3497 2319 3540 p
2347 3485 2423 3531 Ha

337 3559 424 3606 339
452 3558 751 3622 chymeriferq
777 3562 835 3616 Ε
867 3565 1198 3618 χιμαιροφόνου
1218 3561 1340 3605 Plan
1481 3560 1569 3606 340
1600 3558 1723 3622 lybiq
1750 3571 1780 3602 6
1807 3572 1835 3613 ς
1961 3557 2043 3603 341
2076 3558 2140 3601 sie
2169 3558 2204 3613 β
2237 3556 2285 3600 0
2313 3571 2341 3614 ς
2370 3575 2421 3610 ω,

339 3630 549 3685 concepit
590 3634 624 3682 (i
654 3632 838 3688 collegit
866 3646 960 3676 sscr
989 3632 1053 3684 6⁸2)
1098 3644 1153 3675 eoe
1183 3631 1223 3676 V
1252 3632 1341 3678 446
1379 3626 1435 3677 'F
1454 3633 1506 3688 ς*
1535 3644 1572 3686 9
1601 3646 1629 3687 ς
1800 3628 1887 3675 342
1916 3628 2067 3673 Ubera
2110 3627 2424 3673 combiberant

337 3700 539 3756 eSprotii
579 3702 592 3755 Η
634 3701 741 3746 audi
771 3706 887 3755 (corr
916 3717 961 3746 m
990 3702 1034 3754 2)
1065 3703 1135 3746 M
1161 3703 1208 3758 β,
1239 3703 1384 3759 auidis
1412 3705 1470 3747 N
1502 3705 1516 3758 Η
1550 3703 1689 3757 lact(a
1718 3702 1738 3746 i
1764 3716 1790 3743 r
1817 3716 1864 3745 m
1894 3700 2039 3754 antia
2069 3699 2126 3741 N
