2580 4088
882 188 1020 234 Liber
1037 188 1092 233 X.
1121 187 1215 233 fab.
1241 191 1423 233 10-13.
2087 190 2190 238 689

107 331 269 400 quiin
286 330 459 385 insula
477 333 558 385 est
575 330 752 399 Cypri:
774 347 835 384 ex
859 332 1027 399 iisque
1043 332 1098 384 in
1118 347 1273 384 cursu
1291 331 1544 400 proiceret
1556 330 1762 398 virgini:
1782 331 2017 384 futurum
2031 333 2187 398 enim,

107 421 167 469 ut
203 416 487 484 eupiditate
525 416 634 469 eius
674 417 980 484 tardaretur,
1017 417 1142 469 dum
1179 419 1391 484 peteret.
1439 417 1587 469 cuius
1612 416 1815 468 monitu
1839 416 2191 483 Hippomenes

2 562 5 563 7
109 503 418 554 consecutus
471 500 740 554 victoriam
794 503 974 568 postea
1009 501 1246 568 ingratus
1299 501 1546 554 adversus
1595 499 1749 553 deam
1808 501 2048 568 cognitus
2092 504 2191 555 est.

14 585 18 588 ’
106 585 284 652 itaque
302 585 512 652 inpulsu
537 585 772 638 eiusdem
798 586 938 649 deae,
975 586 1160 638 Matris
1186 586 1342 638 deum
1366 586 1544 638 lucum
1570 585 1696 638 dum
1720 586 2190 652 transgrediuntur,

1 670 9 673 ’
46 683 72 726 5
109 683 264 736 quem
288 669 488 722 Echion
523 671 689 722 terrae
721 670 864 722 filius
892 672 1197 734 sacraverat,
1233 686 1337 723 non
1362 673 1644 724 tenuerunt
1667 670 2027 738 cupiditatem:
2066 671 2192 737 quin

107 754 352 807 adversus
394 755 698 821 religionem
741 755 798 807 in
843 757 1045 808 sacrato
1083 756 1405 808 concubuere
1443 755 1567 808 solo.
1614 771 1772 823 quam
1809 755 1874 808 ob
1913 770 2126 807 causam
2163 771 2194 807 a

107 837 207 890 dea
258 838 314 890 in
367 838 542 891 leones
589 843 709 892 sunt
753 841 998 892 conversi.
1044 841 1182 893 unde
1231 840 1355 893 deae
1401 840 1558 892 Matri
1606 856 1668 893 ex
1710 841 1800 893 illo
1847 840 2024 893 leones
2070 845 2195 892 sunt

106 922 328 976 subiecti
502 923 700 978 Adonis
738 925 1066 992 supradictus
1102 926 1332 978 monitus
1379 940 1410 977 a
1449 925 1661 989 Venere,
1707 940 1865 992 quam
1909 926 2016 978 vim
2052 924 2190 977 ferae
2212 934 2294 984 fab
2324 929 2388 974 12

0 1063 4 1066 ,
105 1007 371 1061 haberent.
420 1007 576 1075 igitur
628 1009 673 1061 is
728 1009 783 1060 in
831 1010 1105 1062 venatione
1160 1011 1225 1062 ab
1276 1025 1398 1078 apro
1444 1010 1791 1078 interemitur,
1848 1011 1997 1063 cuius
2043 1025 2195 1062 cruor

0 1106 71 1157 ντιο
103 1092 334 1145 eiusdem
372 1092 498 1146 deae
534 1094 749 1146 numine
785 1094 839 1146 in
875 1094 1057 1147 florem
1093 1096 1337 1162 purpurei
1375 1095 1559 1147 coloris
1597 1110 1873 1148 conversus
1911 1098 1991 1147 est

106 1177 270 1231 Minte
311 1177 544 1245 nympha
578 1178 632 1229 in
670 1178 888 1231 herbam
931 1180 1136 1231 mutata
1179 1182 1414 1232 mentam
1450 1179 1564 1232 odio
1601 1180 1951 1247 Proserpinae,
1988 1178 2189 1234 Cereris
2210 1188 2293 1238 fab
2322 1182 2384 1228 13

105 1262 257 1326 filiae,
296 1262 432 1329 quod
469 1278 592 1315 eum
628 1262 747 1316 Dite
783 1267 943 1331 patre,
982 1264 1199 1330 coniuge
1238 1280 1346 1328 su0,
1383 1261 1754 1317 concubuisset

249 1418 334 1471 lsq
368 1415 572 1468 donavit,
619 1415 698 1473 qui
737 1417 784 1460 in
820 1417 905 1461 ins.
949 1421 1018 1461 est
1049 1416 1206 1473 Cypri3
1254 1430 1311 1461 ex
1348 1416 1497 1473 iisque
1521 1416 1733 1472 proxime
1761 1417 1822 1460 ad
1854 1417 1988 1461 libros
2017 1417 2193 1473 scripsi,

107 1499 219 1543 agro
266 1486 310 1542 (p
345 1486 443 1539 688,
466 1486 550 1542 17),
597 1488 674 1543 qui
722 1493 791 1531 est
828 1487 876 1530 in
915 1487 999 1531 ins.
1033 1487 1202 1544 Cypro,
1232 1486 1540 1538 ei-donavit,
1571 1491 1623 1530 ut
1650 1487 1781 1543 vulyo
1824 1486 1839 1539 ss
1883 1487 2099 1532 donauit·
2122 1488 2197 1531 Ex

106 1557 207 1614 inq:
237 1557 286 1600 in
315 1556 463 1601 insula
491 1559 549 1605 (ᾗ)
578 1557 650 1610 (ie
670 1563 755 1610 est)
784 1557 895 1614 cipri
929 1558 977 1600 in
1010 1570 1144 1601 cursu
1181 1556 1400 1613 prohici(r
1437 1571 1494 1600 ex
1533 1560 1622 1609 c)et
1648 1558 1727 1607 M,
1773 1556 1964 1601 donauit
2006 1558 2113 1603 exoi
2143 1561 2195 1611 (ἓ)

108 1641 226 1685 quae
274 1634 344 1673 est
390 1628 538 1673 insula
585 1628 711 1686 cypri
762 1641 879 1685 quae
927 1628 976 1671 in
1025 1641 1247 1672 conuersu
1296 1628 1520 1683 proiceret
1568 1628 1628 1681 N,
1678 1627 1870 1672 donauit
1918 1641 2009 1691 que
2044 1629 2197 1684 (qui—

109 1699 247 1757 Cypri
272 1699 412 1755 plane
441 1703 529 1752 om)
558 1698 739 1743 incursu
768 1699 993 1755 proiceret
1023 1713 1069 1755 κ,
1102 1699 1316 1743 donauit:
1358 1698 1438 1755 qui
1468 1703 1538 1743 est
1565 1698 1614 1742 in
1642 1698 1794 1742 insula
1822 1699 1968 1754 cypri:
1999 1704 2052 1742 ut
2080 1700 2127 1742 in
2158 1713 2194 1743 c.

2111 1770 2143 1795 '2

104 1812 344 1869 proiieeret
378 1811 422 1866 V,
443 1811 647 1865 donavit,
676 1812 795 1856 utin
816 1825 949 1856 eursu
968 1812 1193 1867 proiceret
1211 1812 1345 1869 vulgo
1383 1813 1398 1868 ΙΙ
1435 1811 1554 1856 enim
1574 1810 1664 1856 fuit
1684 1816 1734 1855 ut
1753 1825 1787 1856 κ
1872 1811 1959 1866 aeq
1970 1778 2195 1867 seiligmM,

105 1896 262 1928 eorum
290 1882 516 1927 Muncker
565 1883 579 1938 ΙΙ
630 1882 884 1927 tardaretur
914 1883 1021 1927 dum
1056 1883 1102 1926 0
1122 1897 1155 1927 κ
1176 1884 1227 1938 V,
1260 1883 1514 1927 tardaretur
1549 1882 1757 1938 impetus,
1800 1895 1853 1927 ea
1884 1882 1992 1927 dum
2020 1885 2154 1941 vulyo
2183 1889 2198 1940 ΙΙ

591 1956 610 1981 2
2040 1951 2042 1953 ,

103 1995 282 2040 monitu
325 2009 372 2049 κ,
409 1986 588 2040 moniti’
631 1996 711 2052 M,
749 1995 938 2041 monitis
966 1996 1028 2039 N
1050 1995 1094 2040 V
1125 1995 1258 2052 vulyo
1318 1996 1332 2052 ΙΙ
1389 1996 1657 2052 ippomenes
1685 1996 1764 2053 M,
1803 1995 2120 2053 hyppomenes
2148 2011 2195 2050 κ,

102 2079 381 2123 yppomenes
410 2066 471 2110 N
499 2067 514 2122 ΙΙ
555 2066 871 2123 Hippomanea
900 2080 1024 2111 cons·
1054 2067 1101 2113 V
1165 2067 1196 2112 3
1215 2073 1396 2112 secutus
1425 2068 1479 2110 N
1558 2068 1645 2122 4sq
1674 2067 1900 2124 impulsus
1932 2068 1993 2111 N
2027 2068 2041 2123 ΙΙ
2084 2067 2197 2112 deae

101 2179 258 2224 matris
281 2179 416 2224 deum
436 2178 586 2224 lucum
609 2179 717 2223 dum
738 2193 771 2224 κ
792 2179 844 2234 V,
875 2179 989 2224 deae
1008 2179 1166 2224 matris
1187 2179 1322 2224 deum
1343 2147 1542 2224 lagidum
1559 2180 1626 2234 N,
1644 2180 1757 2225 deae
1776 2181 1933 2225 matris
1949 2181 2097 2225 lucum
2115 2181 2192 2225 dffi

102 2249 166 2293 du
184 2250 256 2292 M
363 2250 449 2305 &sq
480 2263 612 2306 quem
635 2252 768 2295 matri
790 2250 924 2295 deum
948 2249 1043 2295 ech.
1073 2265 1106 2294 κ
1158 2251 1172 2306 ΙΙ
1224 2249 1386 2295 echion
1407 2264 1440 2294 κ
1472 2250 1523 2304 V,
1545 2250 1776 2295 eloethion
1795 2252 1875 2306 M,
1906 2251 2195 2310 tycloeehion

101 2350 157 2392 N
268 2360 403 2405 quam
434 2348 536 2395 adu.
567 2362 601 2393 κ
694 2349 724 2394 6
753 2349 1037 2394 concubuere
1066 2350 1119 2392 N
1155 2348 1204 2402 V,
1243 2323 1595 2402 concubuere²(t
1621 2350 1714 2394 add
1742 2364 1789 2393 m
1807 2350 1849 2407 2,
1880 2356 1931 2395 nt
1959 2364 2054 2395 sscr
2081 2365 2128 2395 m
2150 2351 2195 2408 3)

104 2419 180 2474 Μ’,
211 2418 537 2464 concubuerint
555 2433 588 2463 κ
624 2419 639 2474 ΙΙ
675 2419 791 2464 abea
811 2434 844 2464 κ
952 2421 976 2464 7
1007 2420 1119 2476 deae
1150 2420 1283 2463 matri
1310 2419 1368 2472 Ο,
1391 2420 1526 2464 deum
1546 2434 1607 2465 m.
1627 2435 1660 2464 κ
1681 2420 1727 2467 V
1748 2421 1898 2477 vulgo,
1934 2421 2100 2466 Idaeae
2135 2436 2195 2465 m·

103 2488 329 2534 Mune-ker
414 2491 444 2534 8
474 2490 687 2543 subiecti]
718 2491 941 2534 abscisum
971 2491 1022 2534 in
1052 2490 1113 2534 N

244 2560 430 2604 Adonis
459 2574 592 2605 cruor
619 2562 667 2604 in
695 2559 859 2605 florem
888 2574 1164 2618 purpureum
1187 2563 1298 2616 post
1317 2561 1403 2606 704
1430 2561 1509 2618 M,
1540 2561 1672 2606 habet
1697 2561 1907 2619 fabulam
1936 2562 2036 2607 sine
2058 2563 2195 2608 titulo

1182 2631 1204 2664 d

95 2674 207 2728 post
220 2672 358 2717 704ae
443 2672 472 2717 8
500 2672 684 2718 Adonis
704 2687 738 2717 κ
771 2673 819 2730 V,
850 2673 995 2717 Adon
1010 2673 1090 2730 M,
1115 2674 1260 2718 Adon
1281 2674 1342 2718 N
1371 2674 1385 2730 ΙΙ
1421 2673 1540 2719 ferre
1559 2675 1620 2718 N
1649 2675 1664 2730 ΙΙ
1703 2674 1933 2728 feraelslll
1957 2678 2060 2726 llll!
2077 2676 2196 2720 rauit

58 2793 63 2798 ὁ
103 2743 323 2799 (spatium
354 2743 615 2787 litterarum
644 2745 943 2789 evanidarum
971 2758 1066 2789 ‘non
1105 2747 1305 2800 tantum,
1341 2748 1397 2790 ut
1437 2744 1656 2790 haberent
1684 2759 1779 2789 non
1809 2746 2024 2802 obtempe
2052 2747 2197 2803 fuisse

56 2805 58 2807 ¹
97 2814 262 2869 possit)
282 2827 316 2858 κ
379 2815 409 2858 9
428 2812 662 2865 haberent]
684 2828 778 2859 non
802 2814 1136 2871 obtemperauit
1155 2816 1247 2859 add
1268 2816 1413 2872 vulqo,
1433 2830 1527 2859 non
1547 2816 1714 2860 habent
1734 2816 1839 2859 haee
1862 2816 1963 2862 OV
1993 2817 2007 2872 ΙΙ
2042 2817 2104 2873 ig.
2125 2817 2196 2861 his

103 2884 165 2928 N
191 2886 207 2939 11
244 2884 529 2930 interemitur
555 2886 627 2928 M
651 2885 701 2937 V,
730 2886 1003 2931 interimitur
1030 2887 1084 2930 N
1102 2899 1135 2930 κ
1163 2887 1297 2943 vulyo
1383 2887 1442 2931 10
1469 2886 1582 2932 deae
1612 2901 1686 2931 om
1715 2888 1769 2931 N
1810 2888 1824 2943 ΙΙ
1864 2888 1934 2932 hie
1963 2889 2131 2932 desinit
2148 2901 2195 2941 κ,

106 2954 259 3000 Ovidii
285 2969 339 2999 vv
370 2956 563 3011 7051707
589 2960 703 3002 sunt
729 2958 782 3002 in
810 2958 901 3013 fine
927 2957 1128 3013 payinae
1156 2958 1362 3002 ultimae.

247 3069 405 3128 Mynte
434 3068 680 3127 nympham
709 3070 757 3114 in
786 3069 927 3115 herba
955 3075 1109 3115 menta
1130 3073 1241 3126 post
1269 3070 1355 3115 727
1382 3070 1454 3114 M
1559 3072 1616 3115 11
1644 3070 1787 3115 Minte
1814 3070 1894 3127 M,
1925 3070 2099 3116 Minthe
2126 3071 2188 3114 N

105 3140 276 3186 Minthe
306 3141 351 3187 V
374 3139 508 3197 vulyo
558 3141 572 3196 ΙΙ
622 3146 819 3185 mentam
848 3142 918 3184 M
945 3140 994 3193 V,
1029 3142 1260 3186 mentham
1290 3142 1352 3185 N
1364 3141 1498 3198 vulqo
1584 3141 1642 3185 12
1671 3141 1765 3186 dite
1791 3146 1921 3198 patre
1956 3142 2013 3199 O,
2046 3142 2195 3187 dicteo

103 3226 150 3269 p.
178 3211 227 3264 V,
256 3211 382 3266 (Dite
412 3213 500 3263 om)
530 3214 659 3267 patre
688 3211 823 3268 vulgo
873 3213 888 3268 ΙΙ
938 3225 1047 3256 suae
1077 3212 1139 3256 N

193 3725 298 3761 Ovm
320 3725 483 3761 Mnus.
1798 3721 1855 3761 44
