2580 4088
367 233 432 280 67
449 230 478 277 2
890 230 1112 275 Lactantii
1143 228 1317 273 Placidi
1349 229 1427 285 qui
1456 228 1623 273 dicitur
1650 229 1946 274 narrationes
2512 0 2576 319 1

369 374 540 437 deret,
583 373 639 426 in
683 374 944 427 volucrem
980 372 1314 426 monedulam
1352 373 1432 424 est
1468 369 1860 437 transfigurata,
1916 387 2048 439 quae
2086 372 2256 426 adhuc
2290 387 2464 427 amore

167 472 250 524 fab
278 467 346 511 26
380 458 667 527 splendoris
722 458 832 511 eius
887 460 1096 510 tenetur
1300 457 1505 511 Aeacus
1561 455 1699 508 Iovis
1761 458 1814 509 et
1869 457 2098 523 Aeginae
2151 457 2290 511 filius
2344 472 2466 511 cum

371 543 652 612 Asopidem
694 543 922 595 insulam
966 542 1198 608 coniugis
1242 541 1454 594 nomine
1491 541 1742 594 incoleret
1778 542 1832 594 et
1867 542 2011 608 gravi
2046 541 2343 610 pestilentia
2377 541 2463 596 Iu-

371 628 521 681 nonis
557 628 635 680 ira
670 628 918 696 populum
956 627 1230 689 amisisset,
1266 626 1507 694 precibus
1544 627 1598 678 et
1632 626 1985 679 misericordia
2021 641 2053 679 a
2077 626 2199 680 Iove
2222 627 2466 696 impetra·

372 714 461 777 vit,
497 715 557 765 ut
592 715 796 765 vastata
830 712 1016 776 insula,
1055 714 1180 778 quot
1216 711 1463 764 formicae
1502 711 1558 762 in
1596 726 1658 763 ea
1696 711 2071 779 apparuissent,
2105 713 2188 764 tot
2210 727 2388 766 versae
2411 714 2468 766 in
2502 726 2527 766 5

371 798 644 850 hominum
682 797 842 849 facies
879 796 1228 849 desideratam
1264 796 1664 848 multitudinem
1689 796 1967 864 explerent.
2018 811 2188 864 neque
2211 798 2468 863 inmerito,

373 882 630 950 siquidem
669 881 759 949 qui
794 897 855 934 ex
891 881 1147 934 eiusmodi
1184 881 1498 934 animalibus
1537 882 1804 934 creverant
1827 881 2183 949 Myrmidones
2219 883 2345 935 sunt
2379 898 2469 952 ap-

371 968 565 1035 pellati.
646 966 893 1019 formicae
939 967 1081 1019 enim
1136 981 1318 1034 graece
1370 966 1652 1034 myrmices
1697 967 2037 1035 appellantur.
2098 983 2247 1036 porro
2290 969 2468 1022 autem

174 1062 256 1113 fab
284 1059 353 1102 27
376 1052 470 1104 hos
522 1066 706 1104 sensus
744 1050 971 1119 Cephalo
1017 1051 1308 1104 sciscitanti
1345 1051 1526 1104 edocet
1561 1053 1764 1104 Aeacus
1959 1051 2218 1121 Cephalus
2253 1052 2467 1106 Deionis

372 1135 530 1189 refert
583 1136 808 1189 invicem
843 1139 1013 1190 Aeaco
1066 1137 1129 1189 de
1173 1136 1415 1190 Procride
1468 1127 1706 1204 coniuge
1737 1138 1791 1189 et
1840 1153 1933 1190 cur
1987 1139 2079 1190 aut
2120 1137 2259 1191 unde
2301 1138 2468 1192 telum
2505 1147 2556 1189 10

373 1223 586 1287 gereret.
646 1237 767 1274 cum
810 1222 866 1274 in
903 1223 1082 1275 monte
1120 1221 1375 1290 Hymetto
1411 1221 1617 1275 Atticae
1654 1222 1879 1288 regionis
1914 1223 2209 1286 venaretur,
2259 1222 2324 1275 ab
2362 1224 2463 1276 Au·

372 1321 488 1359 rora
531 1307 595 1359 ob
644 1306 871 1375 speciem
915 1309 1095 1376 raptus
1141 1308 1235 1360 est.
1297 1322 1454 1375 quem
1491 1308 1552 1359 ut
1589 1306 1820 1374 conperit
1857 1306 1957 1359 dea
1991 1306 2248 1360 Procridis
2283 1307 2468 1376 prioris

373 1391 607 1458 coniugis
650 1407 824 1445 amore
862 1392 1171 1459 inplicatam
1207 1408 1239 1444 a
1275 1408 1330 1445 se
1368 1393 1500 1445 velle
1541 1392 1751 1453 reverti,
1800 1390 1927 1444 fecit
1961 1393 2022 1444 ut
2056 1393 2262 1444 mutata
2296 1391 2467 1460 specie

372 1477 622 1529 remissus
648 1476 908 1546 Cephalus
934 1477 1166 1530 Athenas
1205 1477 1540 1531 contenderet
1573 1479 1626 1530 et
1651 1492 1768 1530 eam
1793 1476 2037 1545 pollicitis
2061 1476 2467 1545 muneribusque

372 1563 670 1631 temptaret,
709 1577 776 1614 an
812 1563 1119 1631 pudicitiam
1154 1563 1301 1631 pueri
1345 1563 1509 1631 possit
1545 1577 1765 1616 servare.
1826 1562 2065 1631 plurimis
2100 1562 2277 1630 itaque
2312 1562 2468 1615 rebus
2505 1573 2554 1614 15

375 1647 441 1699 ad
476 1662 634 1699 usum
669 1646 984 1700 feminarum
1020 1649 1335 1717 conparatis,
1389 1648 1578 1716 quibus
1615 1648 1732 1716 capi
1768 1649 1958 1713 posset,
1994 1645 2202 1701 fallacia
2236 1648 2468 1701 mentem

375 1732 567 1785 elicuit.
632 1733 769 1800 quod
805 1735 866 1785 ut
901 1734 993 1786 illa
1029 1734 1260 1801 conperit
1297 1750 1328 1787 a
1363 1734 1553 1787 marito
1591 1749 1646 1787 se
1685 1749 1799 1787 esse
1839 1734 2124 1802 deceptam,
2159 1731 2353 1801 pudore
2384 1746 2470 1785 ex-

374 1818 564 1881 territa,
601 1820 661 1870 ut
696 1820 1032 1886 conspectum
1070 1819 1182 1871 eius
1219 1819 1411 1872 evitare
1446 1821 1637 1887 posset,
1675 1819 1795 1871 altis
1833 1834 1889 1872 se
1923 1818 2213 1871 recondidit
2248 1817 2469 1870 saltibus

516 1960 601 2013 lsq
631 1963 702 2002 est
739 1973 812 2001 om
849 1960 909 2003 N
954 1960 968 2014 ΙΙ
1019 1964 1399 2003 amorem—tenet
1420 1960 1480 2003 N

516 2029 736 2074 Formicae
764 2031 813 2073 in
842 2029 1051 2074 homines
1074 2032 1185 2085 post
1212 2029 1300 2075 468
1325 2030 1398 2074 Μ
1478 2029 1507 2073 2
1538 2043 1640 2074 cum
1671 2043 1744 2073 om
1774 2030 1834 2073 N
1913 2028 1943 2074 3
1970 2028 2156 2072 numine
2185 2026 2354 2073 coleret
2380 2028 2441 2073 N

374 2102 403 2144 4
430 2100 641 2156 precibus
670 2105 878 2155 precatus
909 2110 979 2145 est
1008 2114 1108 2145 eam
1139 2106 1186 2145 et
1214 2114 1241 2144 a
1270 2102 1376 2145 ioue
1405 2102 1465 2145 N
1620 2100 1706 2155 53q
1736 2099 1784 2143 in
1822 2112 1877 2143 ea
1913 2098 2375 2156 appan—explerent]
2405 2099 2471 2143 sic

374 2173 441 2214 M
462 2173 517 2226 V,
547 2172 596 2214 in
641 2184 694 2215 ea
731 2177 963 2228 reptantes
1000 2171 1210 2216 uiderant
1238 2177 1311 2216 tot
1339 2185 1499 2216 uersae
1530 2171 1578 2215 in
1614 2170 1824 2216 homines
1860 2171 1955 2222 (sic)
1991 2169 2130 2215 facies
2166 2170 2469 2215 desideratam

374 2242 502 2286 mult.
523 2241 757 2298 explerent
787 2243 1022 2287 hominum
1052 2243 1113 2287 N
1286 2243 1371 2298 qu
1401 2243 1613 2287 inmerita
1642 2243 1702 2287 N
1746 2243 1761 2296 ΙΙ
1811 2241 1916 2298 siml
1947 2242 1968 2285 i
1985 2256 2012 2286 r
2030 2256 2077 2285 m
2096 2242 2137 2298 2,
2167 2242 2322 2298 fuitne
2350 2241 2412 2299 qd
2430 2244 2466 2295 2)

376 2313 659 2358 exeiusmodi
697 2327 769 2358 an,
801 2319 1036 2358 creuerant
1070 2313 1381 2370 myrmidones
1415 2319 1440 2358 s
1478 2313 1693 2369 appellati
1729 2314 1810 2366 M,
1847 2313 1968 2369 siqui
2007 2326 2063 2358 ex
2099 2312 2360 2358 huiusmodi
2397 2325 2469 2358 an.

376 2398 434 2428 cr.
455 2384 766 2441 myrmidonas
785 2384 1081 2428 mirmidones
1111 2385 1205 2437 (sic)
1227 2391 1333 2429 sunt
1352 2398 1457 2441 app.
1477 2385 1539 2438 N,
1570 2386 1608 2428 si
1633 2384 1769 2440 quide
1789 2390 2011 2429 ex—sunt
2030 2397 2133 2440 app.
2154 2385 2201 2430 V
2279 2384 2308 2428 8
2335 2396 2471 2440 grece

375 2498 442 2550 N,
473 2491 551 2553 gfe
571 2498 642 2540 M
673 2499 688 2554 ΙΙ
724 2498 1022 2543 mirmicesN
1123 2499 1154 2543 9
1183 2456 1449 2544 ἑῖξίζοῒῗϊῗέἑῗ
1460 2497 1541 2551 Μ,
1573 2510 1628 2542 ea
1648 2497 1813 2541 sciscit.
1845 2498 1904 2542 N
1935 2498 1950 2553 ΙΙ
1986 2497 2149 2542 edocet
2170 2497 2216 2541 0
2236 2498 2289 2552 V,
2319 2502 2472 2542 narrat

376 2567 633 2612 Raenerius
662 2569 798 2625 vulgo

516 2639 691 2684 XXVII
722 2638 947 2696 Cephalus
976 2641 1034 2686 ab
1056 2654 1219 2686 aurora
1238 2641 1503 2684 immutatus
1527 2644 1639 2697 post
1657 2641 1744 2686 680
1771 2641 1844 2685 M
1951 2640 1981 2685 9
2008 2639 2202 2684 Deionis
2230 2638 2470 2695 Muneker,

376 2709 573 2772 deponis
601 2711 681 2764 Μ,
713 2711 921 2756 deidonis
950 2713 1017 2766 N,
1048 2713 1118 2757 De
1148 2712 1282 2757 donis
1312 2713 1365 2766 V,
1398 2712 1456 2756 de
1487 2712 1621 2757 donis
1650 2711 1783 2768 vulyo
1899 2711 1957 2755 10
1983 2724 2063 2756 cur
2091 2710 2184 2767 aut]
2213 2711 2390 2755 curauit
2415 2712 2477 2756 N

376 2783 432 2824 11
461 2781 649 2839 hymeto
679 2783 746 2837 N,
778 2782 955 2828 himeto
984 2784 1057 2828 M
1071 2785 1118 2829 V
1199 2783 1256 2827 12
1286 2783 1372 2827 dea
1405 2783 1450 2827 0
1471 2783 1525 2836 V,
1557 2798 1631 2828 om
1659 2783 1794 2840 vulqo
1827 2784 1843 2838 ΙΙ
1883 2782 2106 2839 procridis
2133 2781 2297 2837 prioris
2324 2781 2345 2825 i
2361 2795 2388 2825 r
2415 2783 2476 2827 N

378 2852 435 2896 13
470 2865 597 2896 more
633 2854 693 2896 N
745 2854 758 2908 ΙΙ
819 2855 986 2899 reverti
1022 2855 1198 2910 scripsi,
1236 2854 1301 2908 (di
1340 2869 1398 2898 ex
1427 2854 1608 2907 re)uerti
1642 2856 1722 2909 M,
1764 2853 1940 2898 deuerti
1967 2855 2036 2907 N,
2076 2853 2242 2898 diuerti
2270 2854 2318 2899 V
2336 2853 2470 2910 vulyo

463 2923 527 2956 uta
1244 2925 1277 2951 ‘2

379 2965 434 3007 14
464 2965 506 3007 ἃ
526 2966 597 3009 Μ
680 2967 736 3010 15
754 2967 1022 3023 pudicitiam
1038 2969 1092 3022 V,
1112 2927 1294 3024 pudigia
1314 2968 1393 3019 Μ,
1423 2966 1674 3023 pudicitiae
1693 2968 1753 3012 N
1786 2968 1800 3024 ΙΙ
1822 2968 1951 3023 pueri
1975 2967 2034 3024 0,
2055 2980 2214 3023 puram
2235 2967 2428 3024 Vvulqo
2456 2970 2472 3024 ΙΙ

377 3035 523 3089 possit
550 3037 618 3080 Μ
634 3037 686 3089 V,
703 3044 862 3093 posset
878 3040 937 3083 N
953 3039 967 3094 ΙΙ
989 3038 1195 3095 plurimis
1220 3038 1376 3095 itaque
1406 3039 1474 3082 Μ
1498 3038 1553 3091 V,
1583 3037 1883 3094 plurimisque
1911 3038 2066 3092 itaque
2093 3039 2160 3094 N,
2190 3037 2394 3094 pluribus
2422 3038 2470 3083 it.

378 3105 511 3162 vulgo
663 3108 721 3152 16
750 3114 947 3153 mentem
977 3109 1209 3154 Procridis
1238 3109 1497 3154 Raenerius
1601 3110 1655 3154 17
1688 3108 1841 3153 elicuit
1871 3108 2090 3164 (prodidit
2116 3123 2211 3153 saer
2237 3113 2315 3160 m)
2347 3110 2395 3155 0
2414 3111 2467 3165 V,

377 3190 441 3220 an
469 3177 670 3232 pellicuit
690 3181 710 3221 ?
799 3180 852 3223 17
864 3194 912 3235 sq
943 3185 1217 3236 ut—posset]
1249 3185 1540 3236 conspectum
1570 3183 1629 3231 ῲ
1658 3181 1692 3230 (i
1711 3195 1733 3223 e
1753 3185 1838 3234 est)
1875 3185 1928 3225 ut
1964 3180 2135 3225 euitare
2160 3185 2317 3236 posset
2344 3181 2405 3226 N
2446 3183 2463 3236 ΙΙ

379 3247 479 3290 aliis
509 3261 558 3292 se
587 3248 794 3293 recondit
833 3252 892 3294 N
937 3251 951 3306 ΙΙ
1003 3251 1210 3305 saltibus]
1247 3253 1374 3307 apud
1403 3250 1713 3295 Munckerum
1749 3252 1911 3296 addita
1938 3254 2052 3296 sunt
2078 3250 2202 3295 haec:
2243 3250 2470 3308 Cephalus

379 3323 530 3362 autem
567 3320 734 3364 amoris
770 3321 1066 3378 impatientia,
1106 3336 1206 3366 cum
1244 3323 1343 3367 eius
1389 3321 1643 3367 absentiam
1672 3322 1788 3366 ferre
1817 3336 1912 3367 non
1942 3327 2114 3378 posset,
2152 3322 2360 3378 precibus
2389 3323 2468 3367 im·

378 3390 590 3443 petravit,
619 3399 671 3434 ut
700 3391 759 3434 ad
789 3405 838 3435 sc
867 3392 1060 3437 rediret:
1100 3407 1375 3450 reversaque
1405 3406 1563 3438 canem
1594 3393 1636 3438 ei
1679 3392 1806 3437 dedit
1834 3393 2171 3438 velocissimum
2200 3398 2247 3437 et
2274 3393 2468 3438 iaculum

381 3460 656 3517 inevitabile,
689 3462 815 3517 quod
843 3476 1075 3520 nunquam
1106 3464 1273 3508 frustra
1301 3464 1524 3508 iaceretur

526 3628 747 3683 Thebani,
777 3631 1030 3676 Naiadibus
1058 3563 1374 3690 Nymphibsgge
1390 3562 1962 3690 {fflngraedicentibua
1992 3632 2226 3678 Themidis
2255 3632 2368 3677 deae
2387 3632 2468 3678 ob-

386 3710 513 3741 scura
543 3699 695 3743 dantis
724 3713 940 3757 responsa
969 3703 1187 3758 templum
1218 3710 1492 3749 everterunt.
1551 3703 1796 3760 Indignata
1832 3704 1918 3748 dea
1945 3702 2087 3748 feram
2114 3701 2314 3758 immisit,
2351 3714 2468 3759 quae
