2580 4088
369 238 474 286 668
884 238 1107 283 Lactantii
1139 237 1312 282 Placidi
1344 238 1423 294 qui
1454 237 1619 281 dicitur
1646 237 1943 283 narrationes.

195 392 277 442 fab
308 388 338 430 3
368 381 574 434 duxisse
759 382 922 435 Liber
977 383 1124 448 pater
1178 383 1237 432 ut·
1293 380 1658 432 animadvertit
1700 384 1957 433 Aesonem
2012 384 2333 436 senectutem
2383 399 2464 436 re-

365 467 551 519 mediis
587 466 799 519 Medeae
838 466 1114 534 expulisse,
1159 465 1307 532 petit,
1356 468 1415 516 ut
1448 464 1660 531 proinde
1696 465 1986 518 nutricibus
2024 465 2131 519 suis
2177 465 2337 520 ferret
2369 482 2460 520 au-

364 552 547 604 xilium
584 567 774 618 easque
810 550 865 602 in
904 549 1281 602 adolescentiae
1327 549 1558 616 vigorem
1601 549 1889 603 reduceret.
1960 551 2107 603 cuius
2151 551 2455 605 auctoritate

364 636 459 688 illa
495 637 743 704 conpulsa
780 635 977 688 eisdem
1010 634 1278 697 remediiS,
1318 635 1507 701 quibus
1545 637 1817 699 Aesonem‚
1852 635 1908 687 in
1946 635 2201 704 primitias
2237 635 2455 702 reduxit,

193 729 276 779 fab
305 726 336 769 4
365 721 550 775 Libero
588 723 855 772 aeternum
891 719 1203 772 beneficium
1250 719 1393 771 dedit
1569 719 1832 786 PeliadeS,
1869 720 2041 773 Peliae
2085 719 2237 785 filiae,
2280 722 2455 775 herbis
2492 733 2516 773 5

365 806 599 874 inpulsae
636 809 913 873 postquam
950 804 1190 856 viderunt
1226 804 1441 856 arietem
1471 807 1743 871 gravatum
1783 806 1952 858 aetate
1988 805 2044 857 in
2081 806 2203 873 agni
2227 806 2451 874 speciem

366 890 805 957 transfiguratum,
867 889 1192 941 ambitiosius
1256 903 1287 939 a
1340 888 1526 941 Medea
1580 891 1753 957 petere
1809 894 2109 958 coeperunt,
2168 895 2228 943 ut
2280 890 2453 944 Peliae

366 978 567 1043 parenti
604 990 782 1028 earum
818 973 1115 1026 restitueret
1151 989 1311 1040 quam
1346 975 1593 1042 temporis
1630 976 1955 1042 processione
1994 975 2255 1029 amisisset
2276 976 2456 1029 iuven·

364 1062 550 1113 tutem.
607 1060 742 1127 quod
779 1063 835 1111 ut
869 1059 961 1110 illa
997 1059 1208 1125 accepit,
1245 1059 1458 1126 cupiens
1495 1058 1767 1113 inimicum
1792 1059 1993 1112 Iasonis
2031 1060 2153 1113 data
2188 1061 2454 1114 occasione

366 1145 547 1212 punire
597 1144 790 1212 inpulit·
837 1159 925 1196 eas
962 1147 1022 1195 ut
1057 1145 1327 1210 parentem
1373 1143 1724 1196 interficerent
1759 1146 1812 1197 et
1848 1145 2134 1197 laceratum
2169 1146 2225 1197 in
2262 1161 2452 1199 aenum
2491 1157 2540 1197 10

363 1230 566 1282 fervens
606 1229 952 1282 demitterent.
1015 1229 1152 1295 quod
1187 1229 1249 1280 ut
1283 1228 1483 1281 factum
1508 1231 1603 1293 est,
1642 1244 1853 1281 currum
1879 1229 2186 1283 draconibus
2210 1230 2450 1284 iunctum

364 1314 668 1367 conscendit
705 1318 756 1367 et
792 1330 884 1381 per
921 1329 1093 1366 aerem
1131 1313 1269 1366 elata
1305 1317 1641 1381 conspectum
1676 1314 2005 1366 inimicorum
2042 1314 2269 1382 profugit

99 1407 181 1458 fab
220 1404 337 1446 5—9
365 1399 605 1453 Medeam
641 1398 928 1466 fugientem
967 1399 1116 1451 docet
1142 1398 1365 1467 Othrym
1389 1401 1623 1451 montem
1649 1399 1949 1451 Thessaliae
1973 1399 2179 1467 petisse,
2214 1401 2269 1452 in
2295 1416 2451 1468 quem

365 1485 556 1537 diluvio
595 1484 925 1537 Deucalionis
964 1483 1249 1538 Cerambus
1292 1485 1644 1552 nympharum
1681 1484 1868 1537 auxilio
1904 1485 2089 1552 pennis
2127 1484 2330 1538 delatus
2366 1485 2449 1550 sit,

364 1572 417 1622 et
451 1569 507 1620 in
543 1570 776 1621 montem
813 1569 1120 1633 Parnasum,
1157 1569 1246 1636 qui
1283 1574 1363 1621 est
1400 1569 1687 1621 altissimus
1848 1569 1971 1621 hinc
2007 1569 2229 1622 Pitanen
2264 1570 2448 1623 urbem
2487 1581 2534 1622 15

362 1654 571 1706 Aeoliae
607 1653 988 1721 relinquentem
1025 1654 1213 1706 vidisse
1253 1653 1529 1706 draconem
1563 1653 1619 1705 in
1658 1669 1840 1706 saxum
1877 1669 1990 1707 esse
2022 1654 2450 1722 transfiguratum

541 1738 725 1791 deinde
763 1737 979 1790 Idaeum
1015 1753 1202 1790 nemus
1240 1737 1423 1801 adisse,
1459 1739 1514 1790 in
1552 1754 1652 1806 quo
1692 1737 1866 1790 Liberi
1902 1738 2065 1806 patris
2100 1738 2240 1791 filius
2274 1733 2478 1792 iuven-'

364 1839 486 1876 cum
522 1823 950 1890 transfiguratum
986 1823 1042 1874 in
1079 1823 1215 1875 cervi
1250 1823 1472 1890 figuram
1509 1824 1767 1876 subtraxit
1926 1839 2024 1876 nec
2048 1825 2222 1876 minus
2245 1826 2450 1889 patrem

502 2047 654 2091 Liberi
700 2047 897 2091 nutrices
940 2047 986 2089 in
1032 2046 1220 2090 iuuenta
1257 2047 1356 2090 sine
1399 2061 1589 2091 numero
1617 2051 1728 2103 post
1770 2047 1860 2092 293
1900 2050 1958 2091 Μ
2007 2048 2022 2103 ΙΙ
2071 2062 2199 2092 eoescr
2240 2048 2447 2105 fabulam

359 2118 495 2174 Myth
531 2117 619 2162 Vat
635 2117 661 2161 1
696 2117 782 2162 188
793 2120 840 2173 (p
860 2118 929 2172 57,
945 2117 1058 2172 2539
1073 2116 1216 2169 Rode)
1232 2119 1277 2161 et
1290 2119 1471 2172 partim
1487 2118 1624 2175 Mych
1651 2119 1741 2165 Vat
1755 2118 1822 2162 II
1846 2119 1934 2164 138
1956 2124 2002 2174 (p
2026 2119 2121 2175 122,
2137 2119 2209 2172 26)
2339 2121 2367 2164 1
2398 2126 2449 2163 ut

360 2202 433 2232 om
453 2190 512 2233 N
583 2188 613 2231 2
633 2189 880 2244 expulisset
899 2193 1031 2242 (corr)
1051 2189 1111 2232 N
1142 2188 1156 2243 ΙΙ
1178 2188 1311 2243 petiit
1330 2190 1389 2232 N
1406 2190 1420 2244 ΙΙ
1442 2189 1650 2245 proinde]
1668 2189 1855 2246 perinde
1875 2190 2108 2246 Micyllus,
2128 2191 2183 2247 cf
2192 2190 2254 2235 ad
2273 2191 2371 2244 654,
2387 2191 2416 2234 4
2437 2192 2455 2246 Ι

359 2302 454 2346 suis
484 2315 667 2358 quoque
695 2301 954 2346 Raenerius
1094 2303 1124 2347 3
1152 2258 1460 2347 iliffieseentiae
1489 2304 1553 2345 M
1663 2304 1693 2346 4
1721 2302 1865 2346 isdem
1895 2303 1954 2346 N
1999 2303 2013 2358 ΙΙ
2063 2303 2284 2359 primitias
2311 2306 2376 2347 M
2391 2304 2443 2357 V,

357 2374 598 2429 pueritiam
629 2374 696 2429 N,
725 2374 917 2429 primam
946 2372 1231 2418 iuuentutem
1261 2372 1398 2430 Myth
1428 2373 1519 2419 Vat
1546 2372 1581 2416 I
1680 2374 1710 2417 ἕ)
1738 2372 1883 2417 libero
1917 2374 1962 2417 0
1992 2372 2224 2430 Micyllus,
2257 2374 2443 2419 Libero·

359 2457 448 2500 que
478 2445 524 2490 V
547 2443 773 2488 Munelcer
801 2445 936 2500 vul-qo

499 2528 686 2573 Arietes
715 2529 809 2582 (sic)
848 2530 896 2572 in
933 2530 1083 2585 specie
1113 2530 1222 2585 agni
1251 2519 1388 2573 uidet
1416 2530 1516 2573 sine
1545 2543 1735 2573 numero
1763 2532 1868 2584 post
1894 2528 1983 2574 296
2007 2531 2071 2572 Μ
2233 2530 2264 2574 5
2290 2529 2443 2575 herbis

357 2600 417 2643 N
432 2599 485 2652 V,
531 2599 747 2650 llluerbis
790 2602 862 2655 M,
907 2599 1061 2644 uerbis
1100 2614 1175 2656 my
1213 2601 1266 2643 ed
1297 2591 1478 2657 'Micyll
1516 2599 1669 2644 uerbis
1708 2599 1896 2644 Medeae
1925 2599 1980 2643 ed
2011 2599 2166 2649 Gelon.
2210 2599 2280 2645 his
2308 2600 2445 2646 rebus

356 2669 583 2714 Muneker
726 2672 751 2715 7
781 2669 1178 2726 transfiguratum]
1223 2677 1446 2715 mutatum
1478 2672 1537 2714 N
1582 2671 1596 2726 ΙΙ
1647 2670 1705 2715 ab
1746 2683 1799 2715 ea
1829 2672 1888 2714 N
2025 2670 2053 2714 8
2080 2672 2363 2727 processiore
2390 2673 2451 2717 N

355 2740 385 2784 9
405 2741 531 2796 quod
551 2755 593 2785 u.
614 2742 644 2784 i.
666 2740 854 2797 accepit]
874 2740 939 2785 sic
962 2742 1007 2785 0
1031 2742 1085 2795 V,
1115 2755 1189 2785 om
1210 2740 1435 2786 Munclcer
1454 2741 1588 2798 vulyo
1682 2741 1795 2797 1039
1824 2743 1952 2797 pun(i
1975 2755 2036 2786 ex
2066 2756 2092 2787 e
2111 2743 2252 2795 mare
2280 2744 2344 2786 M
2358 2743 2374 2798 ΙΙ
2397 2748 2448 2787 ut

356 2818 587 2867 parentem
636 2812 681 2855 0
703 2813 749 2858 V
788 2812 1021 2869 Micyllus,
1073 2819 1307 2868 parentem
1350 2812 1576 2856 Muncker
1623 2812 1756 2869 vulyo
1825 2814 1839 2868 ΙΙ
1908 2814 2446 2859 interficere—dimittere

356 2882 613 2927 Raenerius
726 2885 784 2928 10
815 2889 944 2927 aenefi
973 2885 1042 2936 M,
1076 2896 1236 2927 eneum
1267 2885 1327 2927 N
1423 2886 1479 2927 11
1509 2883 1801 2928 demitterent
1827 2885 1992 2942 Burm,
2024 2884 2307 2930 dimitterent
2337 2885 2383 2928 Ο
2403 2884 2451 2931 V

497 2953 609 3008 1339
638 2953 983 3010 Medeam—qui
1014 2959 1084 2998 est
1111 2953 1373 3006 altissimus]
1402 2957 1507 3010 post
1524 2954 1613 2999 349
1638 2955 1690 2998 in
1721 2957 1851 2999 textu
1870 2958 1940 3009 M,
1972 2955 2206 3000 cerambus
2233 2956 2281 2999 in
2309 2967 2441 3000 auem

356 3024 506 3076 rubro,
548 3028 604 3068 ut
638 3024 747 3079 fere,
789 3025 904 3078 (sine
932 3027 1139 3078 numero)
1176 3025 1309 3068 adeor
1338 3024 1459 3069 idem
1602 3025 1659 3070 13
1688 3024 1824 3070 docet
1851 3026 2076 3071 Hesiodus
2105 3027 2152 3072 V
2201 3027 2215 3082 ΙΙ
2266 3024 2443 3082 Othryn

354 3101 557 3138 montem
587 3094 636 3147 V,
668 3095 990 3140 othrimontem
1009 3098 1080 3152 M,
1114 3094 1258 3139 othris
1287 3102 1490 3140 montem
1520 3096 1580 3139 N
1615 3096 1630 3151 ΙΙ
1666 3097 1927 3151 peruenisse
1956 3098 2015 3141 N
2081 3099 2139 3141 14
2157 3096 2326 3141 dilubio
2354 3097 2414 3140 N
2427 3095 2443 3153 ΙΙ

355 3165 563 3209 crambos
592 3167 651 3209 N
750 3166 807 3210 15
835 3174 882 3210 et
910 3181 983 3210 om
1012 3169 1073 3210 M
1105 3167 1119 3221 ΙΙ
1155 3165 1422 3218 Parnasum]
1455 3165 1519 3210 sic
1551 3167 1597 3210 O
1618 3166 1665 3212 V
1771 3167 1884 3222 1539
1913 3167 2018 3212 hinc
2046 3168 2442 3212 Pitanen—trans·

353 3235 617 3292 figuratum]
646 3239 750 3292 post
775 3237 865 3282 356
880 3237 975 3290 M,
1013 3237 1149 3281 draco
1183 3237 1232 3279 in
1266 3244 1378 3280 saxu
1407 3238 1540 3281 adscr
1570 3238 1686 3281 idem
1737 3238 1752 3293 ΙΙ
1802 3238 1993 3282 Pitanen
2025 3239 2076 3288 V.
2105 3238 2322 3295 pithanen
2352 3237 2399 3282 0
2425 3237 2442 3295 fl

354 3306 513 3351 urbem
542 3307 710 3351 Aeolie
739 3308 789 3362 V,
836 3308 994 3352 urbem
1040 3308 1284 3353 eolinennu
1326 3309 1407 3362 M,
1444 3308 1603 3353 urbem
1632 3307 1938 3352 etolinennum
1967 3309 2027 3353 N
2134 3309 2247 3363 1739
2277 3307 2442 3352 deinde

353 3376 838 3430 Idaeum—subtraxit]
859 3381 970 3434 post
988 3378 1078 3423 358
1100 3380 1295 3430 (iuuenc'
1314 3379 1444 3423 liberi
1464 3379 1511 3422 in
1532 3378 1652 3423 cerui
1671 3377 1742 3435 fig
1769 3380 1917 3431 adeor)
1937 3379 2015 3435 M,
2045 3379 2229 3434 scripsit
2254 3377 2360 3422 haee
2387 3377 2440 3422 in

355 3450 484 3491 textu
520 3461 663 3503 supra
705 3448 984 3505 Idaeumque
1019 3463 1179 3494 nemus
1222 3464 1271 3505 39
1310 3450 1431 3506 (359)
1467 3450 1526 3493 N
1608 3451 1662 3494 17
1692 3449 1865 3494 Idaeum
1895 3450 1948 3506 V,
1978 3449 2129 3494 ideum
2163 3449 2209 3493 0
2259 3450 2274 3505 ΙΙ
2308 3448 2439 3493 liberi

354 3518 586 3614 patrisfflms
635 3562 875 3606 iuuencum
895 3564 962 3617 N,
994 3563 1120 3607 liberi
1152 3562 1293 3618 patris
1322 3562 1464 3614 (filius
1492 3570 1582 3613 om)
1611 3563 1703 3606 iuu.
1723 3563 1803 3615 M,
1833 3561 1949 3606 liber
1977 3567 2105 3617 pater
2124 3561 2215 3605 iuu.
2237 3562 2284 3608 V
2305 3560 2439 3617 vulqo

354 3628 411 3671 18
438 3630 574 3673 traxit
602 3632 662 3674 N
770 3632 883 3687 1839
911 3646 996 3677 nec
1023 3633 1454 3689 minus-sepulcro]
1484 3636 1595 3688 post
1629 3632 1717 3678 360
1744 3632 1846 3688 (361
1877 3646 1950 3676 om
1979 3632 2060 3686 M,
2093 3633 2112 3675 i
2139 3646 2216 3688 my
2243 3630 2340 3675 add
2356 3633 2435 3683 m)

354 3699 434 3751 M,
463 3713 606 3755 supra
635 3701 718 3745 361
748 3703 932 3757 scripSit
960 3704 1020 3747 N
1050 3704 1065 3759 ΙΙ
1102 3707 1141 3755 (c
1160 3702 1520 3757 abscisum)0ridi
1549 3709 1891 3748 monumentum
1921 3705 2035 3759 imy
2056 3703 2192 3747 rubro
2221 3703 2353 3747 adscr
2370 3701 2444 3746 M
