2580 4088
367 169 472 217 712
896 171 1121 216 Lactantii
1151 171 1325 216 Placidi
1355 171 1436 228 qui
1464 171 1630 216 dicitur
1656 174 1952 219 narrationes.

1239 566 1452 621 LIBER
1486 567 1605 621 XV.

410 714 433 762 1
478 708 678 763 Calculi
716 708 850 776 nigri
886 709 942 761 in
979 708 1260 762 candidum
1297 711 1520 763 colorem

406 796 438 846 2
474 793 695 846 Animae
731 795 787 846 in
824 794 992 847 varias
1030 794 1228 862 species

408 882 439 933 3
478 878 714 931 Panthus
752 879 807 931 in
845 879 1185 947 Euphorbum
1258 927 1260 929 .
2568 925 2580 954 Ξ

406 967 439 1015 4
478 964 731 1031 Tempora
766 964 820 1015 in
858 965 1055 1032 species
2503 979 2530 1022 5

408 1052 438 1100 5
478 1049 663 1101 Amnis
701 1048 891 1117 Lyciae
928 1049 983 1101 in
1019 1049 1285 1117 regionem
1319 1051 1554 1103 mutatus
2572 1044 2580 1052 ἶ

407 1135 439 1185 6
478 1133 728 1186 Erasinus
767 1134 936 1187 amnis
973 1135 1028 1186 in
1065 1135 1330 1202 regionem
1368 1135 1607 1189 similiter
1643 1136 1801 1188 aliam
1899 1136 1901 1140 ’

410 1222 438 1269 7
479 1217 698 1271 Caicum
736 1217 934 1271 flumen
970 1219 1025 1272 in
1061 1221 1326 1287 regionem
1366 1220 1524 1273 aliam
1563 1220 1803 1274 similiter

411 1304 441 1356 8
481 1305 804 1377 Amasenum
840 1304 1059 1359 fiuvium
1095 1306 1151 1357 in
1186 1306 1355 1359 terrae
1392 1308 1619 1374 speciem
2475 1373 2486 1386 ·

411 1392 442 1442 9
482 1388 740 1456 Anigrum
776 1390 975 1443 flumen
1014 1390 1164 1444 dulce
1200 1391 1256 1443 in
1294 1406 1459 1459 aquae
1497 1390 1870 1444 amaritudines
2507 1402 2557 1446 10

374 1477 445 1527 10
484 1473 724 1542 Hypanis
762 1476 932 1528 amnis
968 1476 1023 1527 in
1061 1491 1226 1544 aquae
1265 1476 1668 1529 amaritudinem
1705 1476 1944 1531 similiter

381 1562 442 1611 11
484 1559 699 1612 Antissa
734 1562 788 1613 et
824 1561 1020 1614 Pharos
1057 1562 1258 1615 insulae
1294 1562 1350 1614 in
1388 1562 1625 1630 scopulos
1662 1563 1895 1615 mutatae

379 1647 443 1696 12
481 1643 750 1698 Leucades
769 1646 970 1699 insulae
990 1648 1097 1700 tres
1115 1646 1171 1698 in
1184 1647 1444 1700 montium
1456 1647 1653 1715 species
1670 1648 1723 1700 et
1738 1647 1927 1701 Zancle
1943 1648 2115 1702 insula
2132 1648 2187 1702 in
2203 1649 2474 1719 scopulum

384 1732 447 1783 13
486 1728 670 1783 Helice
709 1734 762 1783 et
798 1731 953 1784 Buris
989 1732 1191 1785 insulae
1229 1733 1284 1784 in
1323 1733 1594 1801 scopulum
1632 1725 1872 1786 similiter
2124 1725 2140 1730 “

385 1818 448 1866 14
487 1815 743 1868 Tumulus
780 1816 1040 1869 Troezena
1074 1818 1131 1870 in
1169 1832 1343 1870 aream
1379 1819 1615 1870 mutatus
1652 1819 1734 1870 est
2510 1827 2559 1870 15

383 1902 447 1951 15
487 1899 658 1953 Lacus
695 1901 750 1953 in
789 1902 966 1955 Africa
1002 1902 1313 1955 Hammonis
1350 1903 1405 1955 in
1443 1903 1665 1970 glaciem
1702 1903 2018 1957 convertitur

381 1988 445 2037 16
487 1984 716 2052 Lignum
752 1987 807 2038 in
844 1986 1173 2040 Athamanta
1209 2003 1240 2041 a
1276 1989 1423 2040 tactu
1460 2003 1625 2055 aquae
1661 1988 1717 2040 in
1753 1988 1931 2054 ignem

382 2074 445 2123 17
489 2070 711 2124 Flumen
747 2071 999 2126 Ciconum
1036 2074 1275 2126 bibentes
1310 2074 1366 2125 in
1402 2073 1628 2141 lapidem
1664 2074 1937 2126 mutantur

384 2158 447 2209 18
487 2155 694 2209 Crathis
732 2158 901 2210 amnis
939 2158 1162 2211 colorem
1198 2159 1254 2210 in
1290 2158 1493 2212 varium
1529 2158 1684 2211 vertit

388 2245 451 2294 19
493 2240 747 2295 Salmacis
785 2243 984 2296 fontem
1023 2244 1113 2312 qui
1151 2244 1382 2312 contigit,
1418 2245 1474 2296 in
1509 2243 1784 2297 mollitiem
1820 2245 2039 2298 vertitur
2514 2253 2565 2296 20

386 2329 452 2379 20
490 2326 690 2380 Lacum
727 2329 1032 2398 Aethiopiae
1071 2330 1161 2397 qui
1197 2330 1346 2395 bibit,
1383 2329 1439 2381 in
1475 2329 1735 2382 insaniam
1773 2330 1991 2383 vertitur

383 2414 446 2463 21
492 2411 767 2466 Clitorium
802 2412 1005 2468 fontem
1044 2415 1134 2483 qui
1169 2415 1316 2480 bibit,
1353 2415 1530 2468 odium
1566 2414 1675 2467 vini
1711 2414 1850 2483 capit

383 2499 452 2549 22
490 2497 780 2552 Licestium
818 2516 1028 2554 amnem
1069 2501 1160 2569 qui
1198 2501 1346 2565 bibit,
1383 2500 1438 2552 in
1476 2500 1783 2553 ebrietatem
1820 2499 2135 2553 convertitur

525 2654 580 2697 de
624 2654 850 2699 codicibus
895 2654 1034 2699 huius
1082 2655 1188 2700 libri
1229 2655 1283 2711 cf
1315 2668 1346 2710 p
1368 2654 1456 2700 629
1503 2654 1518 2709 ΙΙ
1569 2653 1738 2709 Incipit
1774 2653 1887 2698 liber
1915 2653 2100 2697 ultimus
2127 2653 2179 2697 L
2227 2652 2244 2708 ΙΙ
2291 2651 2482 2697 initiwm

381 2724 491 2768 ‘novi
529 2724 640 2769 libri
674 2740 769 2770 ηοη
808 2726 943 2771 titulo
981 2727 1060 2770 sed
1099 2726 1274 2771 maiore
1311 2726 1562 2770 interstitio
1605 2728 1794 2769 notatur
1830 2725 1882 2769 in
1909 2725 1963 2768 P
2009 2724 2024 2779 ΙΙ
2072 2722 2210 2768 series
2239 2722 2481 2768 titulorum

382 2797 670 2842 desideratur
699 2798 752 2842 in
779 2800 834 2843 Ρ
945 2799 974 2842 4
1002 2797 1301 2854 Euphorbum
1330 2797 1507 2853 scripsi,
1538 2795 1794 2853 euphorbifi
1821 2796 1887 2849 L,
1921 2794 2234 2851 Euphorbium
2254 2794 2301 2841 V
2333 2793 2350 2850 ΙΙ
2388 2792 2480 2838 Eu-

381 2867 587 2924 phorbus
607 2870 654 2912 in
672 2868 982 2926 Pythagoram
1013 2869 1143 2926 vulgo
1314 2868 1344 2912 ὅ
1371 2869 1436 2912 sic
1463 2868 1514 2911 L
1542 2866 1591 2923 V,
1622 2867 1862 2911 Elementa
1888 2866 1936 2909 in
1965 2865 2117 2910 varias
2145 2864 2319 2921 species
2346 2863 2481 2922 vulyo

382 2939 413 2984 6
440 2939 572 2997 lyciae
600 2941 651 2985 L
679 2940 729 2994 V,
759 2941 911 2998 Lycus
939 2940 1071 2997 vulqo
1178 2941 1203 2984 7
1232 2939 1451 2984 Erasinus
1482 2939 1534 2992 V,
1564 2938 1781 2983 Erasmus
1808 2938 1860 2982 L
1959 2936 1988 2981 8
2017 2936 2199 2980 Caicum
2228 2934 2402 2980 flumen
2428 2933 2480 2989 V,

385 3009 544 3054 Caium
575 3011 749 3056 flumen
777 3013 840 3068 L,
890 3011 1067 3069 Caycus
1113 3011 1286 3055 fluvius
1314 3011 1447 3067 vulgo
1588 3010 1618 3054 9
1646 3009 1931 3053 Amasenum
1975 3007 2170 3052 fluuium
2206 3006 2271 3062 L,
2315 3005 2480 3050 Amas.

382 3081 558 3127 flumen
589 3083 643 3136 V,
675 3083 936 3127 Amasenus
963 3082 1137 3127 fluuius
1166 3082 1297 3139 vulgo
1374 3081 1433 3126 10
1460 3080 1694 3137 Anigrum
1722 3079 1898 3124 flumen
1928 3079 1976 3122 L
1996 3078 2050 3133 V,
2079 3076 2287 3133 Anigrus
2308 3074 2482 3120 flumen

383 3154 516 3211 vulyo
650 3155 707 3197 11
736 3154 929 3209 Hipanis
956 3155 1007 3198 L
1037 3154 1084 3200 V
1229 3154 1287 3198 12
1319 3151 1523 3196 Anthisa
1551 3153 1604 3205 V,
1649 3150 1857 3195 Anchisa
1897 3150 1949 3193 L
1999 3150 2014 3205 ΙΙ
2062 3149 2269 3206 Antissa,
2305 3146 2482 3192 Pharos

387 3230 433 3268 et
462 3224 611 3281 Tyros
640 3225 725 3268 ins.
756 3225 888 3281 vulgo
1003 3224 1062 3269 13
1090 3223 1267 3268 insulae
1295 3223 1446 3279 vulgo,
1478 3221 1628 3266 insula
1658 3222 1711 3275 V,
1740 3220 1887 3265 insule
1906 3221 1955 3265 L
2068 3221 2127 3264 14
2155 3219 2296 3277 Elyce
2321 3218 2374 3262 L
2401 3214 2478 3269 V!

386 3294 621 3351 scopulum
651 3296 702 3339 L
741 3294 790 3348 V,
821 3295 1034 3352 scopulos
1062 3295 1193 3352 vulgo
1308 3295 1366 3338 15
1392 3295 1457 3338 sic
1486 3293 1580 3346 (sed
1608 3296 1836 3346 troezana)
1864 3293 1915 3336 L
1943 3291 1996 3345 V,
2025 3290 2153 3335 Area
2180 3289 2230 3334 in
2257 3287 2481 3333 tumulum

386 3371 561 3411 mutata
589 3367 721 3424 vulqo
858 3368 916 3412 16
945 3367 1091 3411 Lacus
1118 3368 1170 3411 L
1207 3365 1256 3420 V,
1287 3365 1411 3410 Fons
1440 3364 1570 3421 vulgo
1703 3365 1758 3408 17
1788 3364 1853 3407 sic
1886 3363 1937 3407 L
1968 3362 2021 3415 V,
2051 3361 2175 3406 Fons
2203 3357 2483 3404 Athamanis

389 3437 564 3492 lignum
594 3437 801 3483 accendit
828 3438 962 3495 vulyo
1134 3438 1193 3482 19
1223 3437 1371 3482 Gratis
1403 3437 1468 3490 L,
1500 3435 1653 3481 Gratis
1683 3436 1729 3481 V
1753 3436 1767 3491 u
1797 3432 1977 3479 Crathis
2022 3438 2068 3477 et
2095 3430 2283 3490 Sybaris
2325 3441 2483 3474 amnes

391 3508 565 3564 capillis
595 3522 780 3553 aureum
802 3509 1002 3554 colorem
1033 3509 1145 3553 dant
1171 3508 1303 3565 vulyo
1389 3507 1448 3551 20
1477 3506 1673 3562 contigit
1699 3507 1763 3561 L,
1794 3503 2022 3560 contingit
2050 3503 2091 3550 V
2118 3501 2249 3559 vulqo
2332 3498 2390 3544 21
2417 3499 2484 3543 sic

388 3578 439 3621 L
485 3579 540 3632 V,
589 3579 638 3622 in
682 3580 902 3623 insaniam
947 3585 1027 3624 aut
1065 3580 1113 3623 in
1157 3591 1368 3635 soporem
1398 3578 1529 3634 vulgo
1671 3576 1729 3620 22
1758 3574 2010 3634 Clytorium
2060 3573 2112 3630 V,
2158 3570 2403 3617 Clitonium
2429 3569 2482 3614 L

389 3648 448 3694 23
476 3649 719 3694 Licestium
749 3650 813 3704 L,
843 3649 1120 3695 Lincestium
1151 3650 1204 3706 V,
1235 3648 1526 3706 Lyncestium
1556 3647 1687 3704 vulyo
