2580 4088
907 216 1047 262 Liber
1074 215 1156 261 111.
1185 214 1280 260 fab.
1314 217 1467 259 5—10.
2124 215 2225 262 645

144 361 338 416 diutius
374 359 450 414 ibi
483 361 851 423 remoraretur,
887 359 1166 412 novissime
1201 357 1400 421 tabuit,
1442 356 1517 409 ita
1567 357 1628 408 ut
1663 355 1770 408 vita
1805 355 2106 423 privaretur.
2168 372 2227 408 ex

142 446 291 500 cuius
344 444 576 512 reliquiis
628 443 724 496 flos
779 441 990 505 exstitit,
1046 459 1204 511 quem
1258 441 1439 495 naides
1494 440 1757 509 nymphae
1812 440 1997 493 fientes
2046 456 2224 492 casum

141 531 315 583 fratris
351 526 584 582 Narcissi
619 528 828 580 nomine
872 529 983 581 eius
1020 529 1399 581 adnotaverunt
1565 525 1811 580 Pentheu
1842 564 1855 588 ,
1893 525 2135 577 Echionis
2174 528 2225 576 et
2246 531 2326 579 fab
2363 529 2390 570 7

140 617 347 683 Agaues
383 614 536 681 filius,
571 613 627 665 in
662 615 1019 679 contemptum
1055 613 1266 665 trahens
1304 610 1604 680 praedicata
1640 610 1866 662 Tiresiae
1905 609 2130 676 auguriS,
2168 612 2225 661 ut

78 709 103 751 5
137 700 194 752 in
229 698 455 752 adventu
491 697 664 751 Liberi
700 697 933 750 Thebani
968 697 1166 750 hedera
1202 696 1428 750 redimiti
1463 695 1797 764 procederent
1834 710 1896 747 ac
1932 709 2079 746 sacra
2114 709 2226 746 sus-

140 784 385 850 ciperent,
421 783 659 852 prohibet
695 798 815 834 suos
852 796 1031 847 parere
1068 782 1293 850 monitiS,
1332 780 1467 848 quod
1504 785 1716 848 negaret
1753 795 1814 832 ex
1840 779 2041 832 Semele
2069 778 2221 830 deum

138 868 415 934 proditum.
488 866 759 920 confestim
795 868 970 934 itaque
1007 865 1220 919 famulis
1257 866 1493 932 imperat,
1530 866 1668 918 utin
1695 866 2031 933 conspectum
2068 879 2222 916 suum

137 953 384 1006 Liberum
420 953 652 1006 vinctum
690 951 970 1004 attrahant.
1034 953 1089 1003 at
1124 952 1211 1004 ille
1249 954 1309 1004 ut
1344 950 1700 1004 vesanientem
1735 950 2002 1017 illuderet,
2046 963 2224 1002 versus

136 1037 191 1090 in
226 1039 453 1090 Acoeten
493 1036 698 1089 ducitur
734 1037 938 1090 vinctus
983 1038 1036 1089 et
1072 1036 1305 1089 custodia
1342 1036 1601 1088 clauditur
1787 1034 2007 1089 Acoetes
2045 1047 2219 1100 supra·
2243 1037 2325 1087 fab
2358 1034 2388 1077 8
2423 1035 2451 1077 9

19 1166 21 1172 ,
31 1130 99 1173 10
135 1122 319 1191 dictus,
344 1121 518 1175 Liberi
542 1137 730 1180 comes,
758 1122 905 1174 cuius
931 1121 1064 1174 sub
1053 1123 1279 1189 lmagine
1307 1121 1434 1174 deus
1460 1122 1698 1184 latuerat,
1735 1120 1950 1173 eludens
1975 1118 2220 1176 Penthea,
2309 1091 2371 1134 10

132 1206 330 1260 indicat
364 1207 488 1273 regi,
527 1207 648 1274 quia
683 1206 759 1258 ita
795 1207 1039 1273 exigeret,
1074 1222 1264 1259 nomen
1303 1221 1570 1273 genusque
1609 1206 1734 1258 artis
1774 1220 1897 1258 suae
1935 1206 1988 1257 et
2025 1204 2219 1271 quanta

132 1292 210 1345 vis
258 1292 552 1360 apparuerit
596 1291 652 1343 in
691 1291 894 1351 Libero,
950 1307 1050 1358 quo
1098 1297 1327 1359 tempore
1376 1296 1555 1359 petens
1594 1290 1799 1342 Naxum
1835 1290 1890 1341 in
1926 1290 2218 1357 Tyrrhenos

131 1376 397 1429 inciderat.
462 1377 526 1428 ab
569 1376 652 1429 his
700 1376 840 1429 enim
886 1379 1093 1444 propter
1140 1377 1382 1430 eximiam
1431 1376 1871 1444 pulchritudinem
1910 1377 2092 1443 captus
2128 1389 2218 1442 pro

0 1511 5 1517 ,
131 1461 325 1530 praeda
376 1461 632 1529 inpositus
668 1461 886 1528 navigio.
950 1462 1040 1529 qui
1083 1463 1143 1514 ut
1189 1462 1317 1515 vidit
1362 1461 1417 1512 in
1466 1461 1624 1512 aliam
1669 1476 1723 1512 se
1774 1460 1893 1512 duci
1941 1460 2218 1526 regionem,

0 1519 11 1615 Ι
46 1554 95 1597 15
131 1548 457 1599 armamenta
499 1546 646 1599 navis
689 1546 745 1597 in
791 1545 927 1598 feras
979 1561 1040 1598 ac
1087 1548 1351 1614 serpentes
1390 1545 1657 1598 convertit.
1731 1561 1831 1612 quo
1868 1545 2097 1612 prodigio
2135 1559 2214 1596 ex-

0 1622 5 1642 '
130 1631 296 1684 territi
356 1630 614 1699 Tyrrheni
676 1630 732 1682 in
784 1631 967 1698 pelago
1023 1646 1078 1683 se
1137 1631 1538 1699 praecipitavere
1600 1645 1660 1682 ac
1720 1629 1775 1680 in
1837 1629 2105 1697 delphinos
2166 1634 2217 1681 et

130 1730 249 1768 aves
286 1730 342 1768 se
378 1717 658 1768 mutavere.
724 1716 843 1783 post
884 1716 1014 1768 haec
1061 1715 1253 1769 iterum
1299 1716 1534 1768 custodia
1582 1714 1856 1767 clauditur,
1920 1730 2050 1781 quae
2096 1729 2216 1766 cum

0 1864 3 1881 Β
129 1802 312 1868 sponte
373 1801 455 1853 dei
515 1801 769 1869 patuisset
822 1815 883 1853 ac
935 1801 1106 1853 vincla
1159 1801 1401 1853 manibus
1457 1799 1815 1863 defluxissent,
1875 1799 1929 1851 in
1984 1801 2215 1852 montem

0 1884 4 1947 l
128 1885 443 1939 Cithaerona
493 1884 778 1952 digreditur
819 1885 995 1953 ibique
1032 1887 1250 1953 Agauen
1293 1887 1517 1938 matrem
1564 1885 1675 1937 eius
1721 1886 2003 1937 alienatam
2046 1885 2214 1937 furore

0 1980 92 2031 '1220
130 1969 503 2023 adiuvantibus
539 1970 800 2023 sororibus
835 1970 929 2023 Ino
966 1972 1019 2024 et
1053 1973 1289 2024 Autonoe
1328 1970 1550 2039 inpellit,
1588 1972 1649 2022 ut
1685 1985 1833 2023 sacra
1869 1972 2214 2038 proterentem

0 2047 7 2052 ’
127 2070 230 2109 sua
265 2052 533 2108 interimat
567 2070 744 2108 manu.

265 2196 293 2239 1
307 2199 611 2240 remoraretur
625 2195 659 2251 β
687 2193 880 2250 Vvulqo,
902 2199 1278 2239 rememoraretur
1291 2194 1373 2248 M,
1389 2195 1707 2239 morareturN
1726 2195 1739 2250 u
1761 2194 2011 2238 nobissime
2030 2197 2145 2247 (corr
2159 2195 2214 2250 β)

125 2266 229 2323 RN
257 2267 272 2322 ΙΙ
307 2265 455 2310 tabuit
490 2265 537 2310 0
563 2265 610 2318 V,
638 2265 835 2311 intabuit
862 2265 999 2322 Myth
1018 2265 1091 2319 II,
1124 2265 1331 2311 extabuit
1359 2266 1492 2322 vulgo
1538 2267 1552 2321 ΙΙ
1588 2265 1842 2321 pribaretur
1863 2266 1896 2322 β
1983 2265 2012 2308 2
2040 2265 2214 2323 naydes

129 2337 175 2380 0
223 2338 239 2393 ΙΙ
287 2336 489 2395 nymphe
518 2337 552 2394 β
603 2338 618 2392 ΙΙ
659 2349 811 2381 casum
834 2337 980 2381 ιΗΜ
1087 2336 1118 2382 3
1145 2336 1331 2381 nomine
1352 2337 1397 2393 β,
1429 2349 1537 2381 nom
1565 2337 1646 2389 M,
1675 2350 1843 2381 nomen
1871 2337 1924 2380 N
1941 2338 1986 2384 V
2023 2340 2038 2393 ΙΙ
2074 2351 2214 2381 anno-

122 2412 335 2453 tauerunt
363 2408 398 2464 β
417 2406 476 2461 0,
506 2407 565 2451 ad
594 2412 866 2452 notauerunt
903 2407 952 2464 V,
981 2408 1317 2484 insigniverunt
1344 2407 1496 2451 Burm

264 2477 400 2522 Liber
417 2483 547 2534 pater
566 2478 732 2523 semele
755 2484 802 2522 et
821 2477 880 2530 (&
900 2479 1050 2533 rubro,
1076 2492 1100 2522 c
1113 2464 1246 2521 ’inde
1262 2490 1363 2521 corr
1381 2483 1457 2530 m)
1481 2479 1599 2523 iouis
1619 2477 1776 2522 filius
1764 2491 1811 2521 m
1832 2484 1984 2522 acoete
2005 2482 2117 2530 (acoe
2137 2484 2213 2522 ten

23 2584 37 2595 μ
123 2550 174 2606 β)
217 2548 431 2606 idemque
466 2548 611 2640 eliber
653 2554 782 2605 pater
823 2550 871 2592 iu
914 2562 1105 2605 puerum
1153 2551 1265 2605 post
1307 2549 1395 2593 510
1452 2550 1486 2606 β
1521 2549 1612 2602 M,
1681 2550 1784 2604 ipsa
1851 2548 2013 2604 fabula
2066 2550 2213 2605 periit

122 2648 174 2692 in
222 2648 256 2704 β
397 2647 429 2693 3
457 2648 608 2700 ‘lionis
636 2647 709 2690 Μ
845 2649 876 2691 4
904 2647 1038 2704 aga(h
1069 2662 1124 2692 eoe
1152 2649 1249 2703 a)cs
1279 2649 1351 2691 M
1401 2649 1415 2703 ΙΙ
1469 2654 1685 2693 contentu
1716 2649 1795 2700 M,
1826 2654 2088 2704 contemptu
2116 2648 2173 2691 N
2194 2650 2208 2701 ss

14 2723 25 2778 ζ
121 2718 304 2776 tyresiae
340 2719 411 2761 M
457 2719 472 2775 ll
520 2719 550 2763 6
578 2731 687 2763 suos
725 2716 949 2774 pentheus
983 2732 1142 2775 parere
1175 2719 1227 2762 N
1244 2720 1291 2766 V
1441 2719 1470 2763 8
1499 2719 1727 2763 attrahant
1759 2719 1804 2762 O
1839 2719 1890 2772 V,
1935 2718 2213 2763 attraherent

44 2794 53 2808 ·’
121 2789 347 2834 Muncker
364 2788 497 2846 vulyo
624 2789 655 2834 9
683 2787 863 2833 Aeeten
894 2789 946 2841 V,
978 2791 1150 2842 a(ceten
1169 2790 1189 2833 i
1207 2803 1233 2833 r
1254 2804 1299 2833 m
1318 2790 1362 2842 2)
1391 2790 1471 2842 M,
1501 2802 1642 2834 acoen
1660 2790 1712 2833 N
1745 2791 1759 2845 ΙΙ
1796 2789 1850 2833 dr
1881 2775 2019 2834 uinct’
2042 2790 2062 2832 i
2079 2803 2106 2831 r
2129 2789 2209 2839 M,

121 2901 209 2947 dur
227 2902 409 2959 imym
447 2904 462 2959 [ι
505 2910 551 2946 et
579 2906 692 2946 cust.
722 2901 775 2958 V,
806 2858 1090 2948 etn2custodia
1117 2904 1197 2956 M,
1221 2911 1267 2948 et
1295 2903 1344 2948 in
1374 2910 1485 2949 cust.
1515 2905 1567 2947 N

262 2972 376 3018 Vm
403 2971 624 3030 Tyrrheni
652 2977 791 3017 naute
819 2973 870 3017 in
900 2987 1042 3018 naues
1072 2980 1119 3018 et
1146 2974 1194 3018 in
1226 2974 1467 3030 delphinos
1495 2973 1720 3031 pentheus
1751 2973 1927 3018 exionis
1957 2973 2053 3028 (sic)
2083 2972 2207 3016 filius

121 3042 337 3088 dilacerat
359 3067 370 3076 ·
403 3042 562 3087 dentes
591 3042 800 3087 draconis
828 3044 877 3087 in
905 3043 1113 3089 homines
1131 3048 1245 3101 post
1271 3046 1362 3090 576
1386 3046 1459 3090 Μ
1584 3046 1614 3091 9
1644 3046 1815 3090 Aeetes
1844 3046 1914 3087 M
2023 3046 2080 3088 11
2108 3042 2207 3099 regi

121 3126 287 3158 nomen
317 3125 553 3170 genusque
581 3113 691 3157 artis
721 3126 842 3166 suae,
873 3127 962 3171 qua
992 3115 1135 3159 vitam
1165 3121 1378 3172 exegerat
1413 3115 1646 3161 Giselinus
1751 3117 1808 3162 13
1835 3116 2057 3160 inciderat
2082 3113 2208 3159 Gisc-

124 3183 249 3228 linus
277 3184 425 3241 vulyo,
454 3183 673 3228 incideret
705 3183 751 3227 Ο
787 3183 816 3230 V
880 3187 895 3239 ΙΙ
958 3187 1144 3230 nimiam
1172 3187 1228 3230 N
1364 3188 1422 3232 14
1449 3187 1659 3243 navigio]
1691 3194 1760 3232 est
1788 3188 1880 3231 add
1911 3187 1957 3233 V
1997 3187 2012 3242 11
2063 3186 2209 3241 impo-

0 3281 25 3314 ·.
121 3255 325 3312 situsque
368 3254 559 3309 navigio
603 3260 656 3299 ut
697 3255 817 3299 vidit
851 3255 1070 3314 Micyllus
1118 3258 1133 3312 ΙΙ
1185 3262 1364 3313 captum
1402 3271 1486 3315 pro
1537 3272 1604 3315 pr.
1649 3265 1695 3303 et
1730 3258 1992 3315 impositum
2021 3271 2127 3301 nav.
2158 3262 2210 3300 ut

0 3314 25 3412 ’ἕ
122 3324 242 3369 vidit
269 3325 345 3370 Hs
431 3326 488 3371 16
515 3324 717 3383 thyrreni
746 3326 826 3383 M,
857 3327 1012 3372 tirreni
1041 3328 1097 3371 N
1123 3329 1140 3383 11
1174 3329 1403 3385 impelago
1426 3330 1507 3386 M,
1539 3331 1585 3373 in
1615 3329 1781 3386 pelago
1810 3330 1870 3382 N,
1901 3330 1947 3372 in
1969 3328 2134 3384 pelagu
2163 3327 2207 3379 V,

120 3395 168 3438 in
207 3395 399 3452 pelagus
435 3395 570 3453 vulgo
629 3397 643 3452 ΙΙ
692 3396 740 3441 in
771 3411 844 3442 om
871 3397 926 3442 N
970 3398 986 3454 ΙΙ
1032 3398 1087 3455 cf
1109 3399 1293 3444 Servius
1329 3401 1390 3443 ad
1427 3400 1527 3444 Aen
1554 3400 1590 3444 I
1614 3402 1675 3446 67
1869 3402 1924 3445 17
1954 3412 2063 3444 aues
2095 3398 2141 3442 0
2172 3398 2214 3442 V

120 3493 268 3551 vulyo,
297 3495 351 3552 cf
370 3497 464 3539 met
490 3495 580 3539 111
610 3496 699 3541 678
744 3497 759 3552 ΙΙ
809 3502 1042 3542 mutauere
1079 3497 1131 3553 V,
1159 3458 1335 3544 muffie
1363 3499 1443 3553 M,
1481 3500 1760 3544 mutasseN
1808 3500 1821 3554 ιΙ
1871 3507 1972 3554 post
2001 3497 2089 3542 hoc
2115 3497 2170 3541 N
2193 3507 2209 3562 Ι

121 3566 237 3616 ‘(8ed
276 3577 306 3621 q
326 3565 345 3609 i
362 3566 518 3616 rm2)
549 3579 650 3611 cum
683 3566 751 3610 Μ
842 3567 899 3612 18
928 3567 1003 3612 dei
1034 3567 1080 3611 Ο
1109 3567 1153 3613 V
1173 3569 1413 3625 Muneker,
1443 3570 1532 3615 deo
1562 3571 1694 3627 valyo
1726 3570 1834 3614 olim
1886 3571 1899 3624 Η
1950 3568 2130 3614 uincula
2158 3568 2211 3611 N

119 3636 178 3680 19
204 3634 404 3680 furorem
433 3637 485 3680 N
567 3637 626 3681 20
654 3637 762 3683 inoo
793 3643 839 3682 et
868 3644 959 3682 aut.
991 3639 1070 3694 M,
1100 3639 1175 3684 ine
1204 3645 1404 3686 autunoe
1435 3642 1527 3693 (sic)
1558 3642 1612 3684 N
