2554 4094
2067 184 2162 223 XIII

76 335 312 399 posteris
337 333 620 383 tradidisse
646 331 867 379 videtur.
918 331 1057 378 certe
1083 330 1212 391 post
1243 341 1365 376 saec
1389 327 1501 376 XII
1527 326 1738 375 nullum
1768 327 1873 375 iam
1903 326 2167 388 reperitur

83 421 200 470 eius
238 419 537 481 vestigium.

227 503 448 554 Codex
483 501 869 550 Marcianus
893 499 1240 548 Florentin
1258 512 1331 546 us
1355 497 1475 545 225.
1528 497 1704 559 isfuit
1729 496 1856 545 olim
1886 497 1941 544 in
1971 496 2161 545 biblio·
2183 494 2243 543 M

86 588 239 638 theca
276 587 757 636 Dominicanorum
796 584 849 633 S.
890 584 1075 643 Marci,
1113 596 1260 632 nunc
1294 583 1541 631 servatur
1576 582 1631 629 in
1672 580 1995 630 bibliotheca
2021 581 2162 629 Lau-

83 673 343 723 rentiana.
387 673 469 721 est
486 670 942 728 membranaceu8‚
968 668 1184 717 saeculo
1203 667 1287 716 XI
1296 667 1544 729 scriptus,
1570 667 1856 715 176-178
1874 681 1983 714 mm
2007 666 2164 726 latus,

82 758 191 807 312
225 772 335 806 mm
385 757 543 806 altus.
619 755 831 804 constat
875 767 941 802 ex
985 753 1291 814 quindecim
1341 752 1805 814 quaternionibus,
1855 765 1921 800 ex
1967 752 2167 812 quibus

86 843 309 892 ultimus
362 843 445 891 est
496 842 698 905 septem
746 839 1032 902 foliorum,
1086 853 1207 887 cum
1265 839 1512 887 octavum
1556 838 1629 886 sit
1673 837 1963 885 abscisum.
2038 838 2170 885 sunt

86 929 254 991 igitur
286 928 391 976 119
422 926 572 990 folia.
647 925 814 974 habet
859 925 913 972 in
962 924 1195 986 sinyulis
1234 923 1387 986 soliis
1419 922 1695 985 prioribus
1733 922 1903 970 lineas
1939 921 2166 981 41—43,

85 1013 142 1062 in
173 1011 566 1076 posterioribus
600 1009 654 1072 (a
688 1010 824 1074 folio
862 1010 930 1058 17
966 1009 1040 1058 ad
1068 1005 1261 1072 finem)
1307 1008 1392 1056 53.
1469 1009 1524 1056 in
1565 1007 1704 1071 folio
1758 1007 2168 1055 membranaceo

84 1097 399 1160 singillatim
442 1098 568 1146 ante
599 1096 838 1158 primum
878 1094 1284 1155 quaternionem
1326 1094 1524 1142 inserto
1560 1107 1592 1141 a
1630 1106 1797 1141 manu
1834 1091 2038 1140 saeculi
2071 1091 2178 1140 XV

85 1182 285 1245 scripta
320 1183 452 1231 sunt
486 1180 650 1230 haec:
693 1180 796 1228 Iste
842 1178 978 1227 liber
1014 1185 1040 1225 e
1078 1179 1286 1227 coaetus
1330 1177 1381 1226 S.
1421 1177 1585 1226 Marci
1624 1176 1691 1225 de
1729 1166 1807 1227 fl&
1845 1175 1989 1226 ordis
2026 1175 2166 1240 fidic’

86 1264 198 1326 Que
239 1266 353 1315 hfiit
390 1266 458 1315 de
500 1265 796 1315 hereditate
834 1263 1037 1312 Nicolai
1083 1263 1151 1312 de
1187 1263 1385 1312 Nicolis
1428 1262 1658 1312 floretini
1706 1263 1809 1311 uiri
1856 1261 2167 1311 doctissimi.

87 1353 231 1402 inter
264 1353 466 1402 textum
505 1351 759 1400 carminis
794 1350 1023 1411 scriptae
1058 1349 1190 1397 sunt
1217 1349 1286 1397 ab
1319 1349 1504 1397 eadem
1530 1362 1698 1396 manu
1719 1349 1897 1410 prima
1924 1347 2174 1396 Lactanti

85 1437 292 1486 Placidi
345 1438 442 1498 qui
494 1437 692 1485 dicitur
731 1435 1068 1484 narrationes
1115 1431 1428 1504 fabularum
1471 1432 1873 1482 Ouidianarum.
1950 1434 2006 1481 in
2058 1433 2172 1496 fine

81 1522 239 1586 folii?
275 1522 380 1570 119
416 1522 498 1570 est
531 1520 667 1568 XIV
694 1519 800 1568 830
843 1519 964 1566 Irim
1012 1507 1333 1569 adhersilem
1381 1517 1709 1567 descendere
1761 1517 1929 1565 limite
1986 1532 2169 1577 curuo,

80 1607 166 1671 fol
199 1607 335 1656 119⁰
373 1607 456 1654 est
492 1619 737 1654 vacuum.
783 1604 981 1652 desunt
1017 1604 1184 1665 iqitur
1217 1602 1353 1651 XIV
1380 1597 1612 1650 831s851
1654 1604 1707 1651 et
1743 1602 1878 1650 liber
1911 1601 2019 1650 XV
2049 1616 2170 1650 cum

85 1693 202 1742 suis
237 1690 640 1740 narrationibus
670 1688 983 1752 fabularum
1026 1689 1185 1737 totus.
1252 1689 1520 1736 correctus
1556 1689 1639 1736 est
1674 1687 1843 1754 codex
1877 1701 1909 1735 a
1948 1687 2173 1736 diversis

87 1776 355 1827 manibus,
413 1774 477 1823 ln·
511 1775 833 1823 correctores
868 1774 966 1822 aut
998 1786 1110 1821 rem
1148 1786 1250 1821 suo
1274 1772 1496 1821 arbitrio
1521 1773 1750 1834 e9erunt
1783 1773 1881 1821 aut
1918 1772 2173 1820 lectiones

90 1861 493 1912 inculcaverant
526 1859 714 1908 classis
749 1858 816 1907 X.
876 1871 1013 1919 quas
1042 1859 1372 1907 correcturas
1401 1855 1504 1920 (m)
1543 1871 1876 1919 quamquam
1915 1858 2169 1919 expressi,

90 1950 285 2007 tamen,
326 1947 386 1994 ut
422 1957 561 2006 quae
596 1943 801 1992 nullius
820 1944 984 2005 pretii
1020 1943 1340 2003 viderentur,
1378 1957 1491 1991 non
1518 1942 1756 2003 distinxi,
1784 1957 1906 1991 cum
1926 1956 2172 2004 praeser-

89 2034 184 2081 tim
226 2032 313 2080 vix
348 2030 407 2079 id
445 2030 569 2094 fieri
608 2030 809 2091 posset,
864 2029 975 2077 nisi
1030 2029 1181 2089 quod
1232 2029 1628 2077 recentissimas
1681 2029 1964 2077 nominavi
2019 2042 2074 2075 m
2122 2028 2171 2075 3.

92 2118 356 2179 quantum
394 2116 468 2165 ad
501 2129 613 2164 rem
652 2113 1145 2176 orthoyraplzicam,
1195 2113 1256 2163 M
1294 2115 1430 2162 mira
1470 2114 1831 2162 inconstantia
1869 2116 1923 2162 et
1961 2113 2173 2162 licentia

92 2203 262 2252 bonas
297 2203 461 2263 atque
500 2199 755 2250 barbaras
789 2200 1084 2262 scripturas
1130 2200 1361 2248 miscuit.
1436 2213 1563 2248 nam
1624 2201 1684 2248 ut
1735 2199 1907 2248 multa
1966 2201 2173 2249 vetusta

87 2287 320 2336 servavit
345 2283 431 2349 (cf
460 2299 599 2347 quae
627 2285 899 2347 conyessit
919 2280 1151 2333 Merkell
1171 2299 1212 2347 p
1241 2285 1272 2333 7
1290 2282 1395 2346 sq),
1433 2285 1511 2332 sic
1546 2284 1717 2333 multa
1756 2286 1995 2347 corrupit
2032 2285 2177 2334 velut

89 2372 255 2421 haec:
296 2370 427 2434 coepi
458 2384 560 2432 pro
598 2369 731 2432 cepi,
782 2371 897 2418 asta
929 2383 1032 2431 pro
1068 2369 1240 2430 hasta,
1287 2369 1524 2418 inhertes
1557 2383 1660 2431 pro
1698 2370 1915 2430 inerteS,
1962 2370 2174 2433 phedus

84 2471 188 2518 pro
224 2455 435 2516 foedUS,
473 2454 713 2514 menbra,
763 2454 993 2515 exalare‚
1038 2455 1349 2521 ammonitu,
1395 2469 1683 2518 supprema
1730 2455 1853 2504 alia.
1931 2457 2174 2505 vocativo

91 2541 246 2590 haud
278 2555 399 2590 raro
432 2541 788 2603 praeponitur
818 2554 865 2588 ο.
895 2567 962 2572 -
987 2541 1152 2588 notus
1181 2540 1293 2603 fuit
1329 2540 1464 2589 liber
1495 2540 1789 2589 NHeinsio.
1846 2541 1944 2601 qui
1981 2554 2173 2602 quam-

95 2639 257 2687 quam
296 2639 418 2674 eum
459 2625 645 2674 laudat
682 2627 742 2674 ut
778 2625 1037 2674 ‘omnium
1075 2625 1351 2688 optimum'
1378 2623 1463 2688 (cf
1477 2625 1551 2674 ad
1572 2627 1684 2674 met
1706 2625 1763 2673 X
1782 2625 1890 2674 596
1915 2625 2051 2674 XIV
2069 2627 2175 2675 476

87 2709 334 2774 passim),
381 2713 558 2759 tamen
595 2712 776 2759 nescio
816 2724 924 2771 quo
958 2711 1118 2772 pacto
1157 2710 1212 2758 in
1251 2711 1397 2758 textu
1441 2711 1767 2759 recensendo
1817 2711 2030 2759 turbam
2082 2711 2173 2759 de-

58 2846 66 2860 :
94 2796 347 2844 teriorum
369 2795 689 2858 plerumque
712 2797 870 2856 sequi
885 2795 1092 2844 maluit.
1140 2795 1236 2855 qui
1254 2796 1384 2857 post
1399 2795 1685 2844 Heinsium
1705 2795 2175 2858 Metamorphoses

93 2881 391 2940 ediderunt,
406 2881 570 2943 plane
587 2880 1300 2943 neglexeruntMarcianum.
1339 2880 1511 2930 multo
1530 2879 1923 2942 postRMerkel
1942 2895 2075 2929 usus
2094 2883 2177 2930 est

94 2965 378 3015 collatione
408 2965 478 3014 ab
502 2965 736 3015 Henrico
759 2965 885 3014 Keil
919 2965 1175 3028 confecta,
1215 2979 1335 3013 cum
1376 2966 1582 3014 curavit
1611 2966 1846 3028 primam
1884 2967 2173 3015 editionem

99 3050 523 3099 Teubnerianam
559 3051 693 3099 anni
727 3051 883 3099 1861.
956 3050 1180 3099 eandem
1225 3049 1479 3100 adhibuit
1511 3050 1736 3111 ARiese,
1776 3065 1897 3099 cum
1932 3052 2173 3113 primum

0 3208 3 3209 γ
95 3135 264 3183 edidit
317 3148 531 3183 carmen
577 3135 727 3197 apud
774 3134 1177 3183 Tauchnitzium
1227 3149 1373 3184 anno
1419 3135 1575 3183 1872.
1656 3136 1822 3184 altera
1871 3136 2172 3196 collatione,

99 3232 262 3280 quam
294 3219 426 3282 fecit
450 3219 773 3282 GMeyncke,
811 3234 922 3269 non
963 3220 1096 3268 bene
1135 3233 1267 3268 usus
1301 3221 1384 3268 est
1409 3219 1605 3269 OKorn
1645 3221 1699 3269 in
1738 3221 1973 3270 editione
2002 3221 2173 3269 Weid-

101 3304 393 3353 manniana
430 3305 565 3353 anni
595 3305 749 3353 1880.
811 3306 975 3366 atque
1011 3317 1112 3366 eqo
1136 3304 1357 3354 adiutus
1380 3306 1435 3353 et
1455 3305 1620 3353 Keilii
1642 3307 1696 3354 et
1718 3305 1993 3368 Meynckii
2016 3307 2172 3354 auto-

96 3388 323 3451 graphis
347 3390 560 3438 excussi
585 3389 667 3438 bis
684 3390 1038 3448 Marcianum,
1058 3389 1296 3450 primum
1317 3403 1463 3438 anno
1483 3390 1623 3438 1900
1642 3390 1957 3450 Florentiae,
1981 3392 2172 3439 iterum

101 3513 247 3551 critica
279 3513 343 3552 sic
380 3514 639 3562 signaverim
684 3513 905 3563 exemplar
933 3512 1041 3551 illud
1050 3512 1115 3563 *in
1146 3513 1236 3562 fine
1264 3525 1468 3552 mancum
1499 3525 1551 3553 ex
1579 3526 1664 3563 quo
1683 3514 1908 3563 fluxerunt
1936 3511 2007 3554 M
2035 3517 2079 3552 et
2109 3512 2174 3554 N.

100 3584 290 3621 ceterum
318 3584 361 3622 si
386 3585 484 3632 quis
512 3585 759 3634 suspicetur
777 3584 885 3623 illud
910 3583 1053 3623 solum
1068 3583 1113 3621 in
1143 3583 1333 3622 medium
1362 3595 1516 3623 aevum
1548 3585 1727 3630 venisse,
1758 3596 1846 3623 non
1862 3585 2059 3630 habeam,
2090 3597 2175 3633 quo

102 3652 208 3692 haec
237 3654 480 3692 coniectura
511 3654 749 3704 refellatur:
780 3651 899 3707 βκπ
929 3655 1042 3692 certe
1072 3664 1160 3692 non
1191 3655 1374 3692 obstant.
