2580 4088
329 206 448 266 ,618
1222 209 1368 252 Divus
1397 208 1551 252 Iulius.

348 364 506 416 quam
542 349 694 403 modo
731 349 959 419 Tydidae
997 349 1280 419 Calydonia
1316 350 1552 403 vulneret
1587 350 1755 414 hasta,

347 449 487 487 nunc
523 434 659 488 male
698 434 939 487 defensae
977 433 1299 488 confundant
1335 434 1543 487 moenia
1578 434 1773 500 Troiae,
2367 453 2439 494 770

350 534 482 587 quae
518 519 723 573 videam
759 520 943 571 natum
979 519 1147 587 longis
1185 519 1440 572 erroribus
1479 521 1657 573 actum

349 603 631 671 iactarique
670 603 800 657 freto
837 603 1088 671 sedesque
1124 604 1317 657 intrare
1356 604 1606 658 silentum

350 688 589 756 bellaque
628 704 748 741 cum
785 687 957 741 Turno
995 703 1185 755 gerere,
1223 690 1327 757 aut,
1365 689 1409 742 si
1447 704 1568 743 vera
1607 689 1845 756 fatemur,

352 788 474 826 cum
509 772 706 826 Iunone
743 773 949 840 magis?
1024 772 1146 840 quid
1183 789 1324 827 nunc
1361 774 1578 843 antiqua
1611 775 1851 829 recordor

353 857 543 910 damna
579 858 682 910 mei
721 858 960 925 generis?
1032 858 1188 911 tImor
1223 858 1316 912 hic·
1344 860 1646 914 meminisse
1683 860 1913 929 priorum
2372 875 2444 917 775

352 958 456 995 non
493 942 639 995 sinit:
679 957 743 995 en
782 942 901 995 acui
938 943 1217 996 sceleratos
1255 944 1466 998 cernitis
1502 945 1692 999 enses?

355 1042 481 1094 quos
517 1026 797 1095 prohibete,
833 1042 1026 1095 precor,
1061 1027 1367 1097 facinusque
1403 1030 1637 1099 repellite
1673 1046 1803 1084 neve

354 1111 510 1164 caede
548 1111 828 1165 sacerdotis
866 1111 1107 1166 flammas
1145 1114 1456 1182 exstinguite
1494 1115 1733 1169 Vestae!’

494 1196 641 1249 Talia
675 1197 995 1265 nequiquam
1031 1199 1140 1251 toto
1176 1198 1356 1253 Venus
1393 1200 1545 1253 anxia
1581 1201 1724 1254 caelo

353 1280 510 1334 verba
544 1280 670 1334 iacit
705 1297 1020 1350 superosque
1057 1285 1247 1352 movet,
1288 1285 1377 1353 qui
1412 1301 1652 1355 rumpere
1691 1302 2012 1355 quamquam
2372 1294 2446 1337 780

355 1365 521 1419 ferrea
555 1381 659 1418 non
698 1369 917 1435 possunt
952 1369 1188 1422 veterum
1226 1369 1434 1424 decreta
1470 1386 1720 1437 sororum,

360 1450 508 1518 signa
543 1451 723 1504 tamen
758 1452 933 1506 luctus
970 1452 1097 1506 dant
1133 1453 1276 1508 haud
1310 1455 1510 1509 incerta
1545 1455 1725 1510 futuri.

498 1537 660 1589 Arma
695 1535 870 1590 ferunt
905 1537 1041 1591 inter
1076 1539 1252 1607 nigras
1290 1540 1597 1610 crepitantia
1632 1542 1800 1596 nubes

357 1620 704 1689 terribilisque
740 1622 895 1676 tubas
932 1623 1212 1693 auditaque
1250 1641 1442 1679 cornua
1479 1627 1621 1681 caelo

359 1706 747 1774 praemonuisse
783 1707 956 1775 nefas3
1021 1707 1144 1763 solis
1183 1725 1387 1778 quoque
1424 1711 1590 1766 tristis
1626 1712 1799 1781 imago
2376 1717 2451 1760 '185

358 1789 529 1843 lurida
565 1791 801 1846 sollicitis
838 1793 1121 1862 praebebat
1156 1795 1358 1848 lumina
1394 1795 1558 1850 terris,

362 1889 513 1943 saepe
549 1875 692 1930 faces
728 1878 868 1931 visae
904 1878 1091 1932 mediis
1129 1879 1307 1934 ardere
1344 1881 1442 1935 sub
1480 1882 1647 1948 astris,

362 1974 513 2027 saepe
549 1961 686 2014 inter
719 1963 926 2016 nimbos
963 1965 1144 2032 guttae
1181 1965 1411 2019 cecidere
1449 1968 1711 2021 cruentae.

363 2043 600 2099 caerulus
637 2048 690 2100 et
726 2048 929 2102 vultum
965 2048 1224 2117 ferrugine
1261 2050 1471 2104 Lucifer
1506 2052 1619 2106 atra

502 2174 641 2226 789sq
677 2176 877 2227 Respa-it
914 2179 1013 2218 haec
1056 2178 1486 2230 Pseudo-Cyprianus
1531 2182 1593 2221 De
1632 2180 1758 2221 laude
1794 2178 2000 2231 martyrii
2038 2191 2059 2219 c
2096 2175 2162 2219 29
2202 2177 2265 2229 (ed
2299 2177 2453 2218 Han-tel

361 2245 465 2297 III),
509 2246 559 2297 cs
581 2247 735 2287 Pascal
757 2248 854 2287 Lett
880 2248 967 2289 Lat
993 2248 1151 2289 mediev
1173 2263 1208 2301 p
1237 2247 1330 2291 172
1340 2263 1400 2301 sq.

504 2356 588 2402 769
617 2357 802 2415 tydidae
820 2370 863 2402 n
892 2373 920 2415 ς
939 2359 1063 2403 Plan
1082 2360 1232 2416 vulqo,
1263 2360 1407 2422 tidide
1438 2360 1502 2417 F,
1534 2359 1691 2421 tytide⁸
1716 2361 1783 2416 οἳ,
1813 2359 1945 2404 titide
1966 2371 2028 2416 a„
2062 2371 2136 2415 a„
2167 2371 2201 2403 v
2236 2358 2286 2417 b,
2317 2358 2371 2415 b,
2400 2359 2454 2411 d,

362 2426 557 2472 tithidae
582 2441 631 2485 9,
663 2428 820 2474 titides
851 2431 889 2474 h
929 2429 943 2485 ΙΙ
981 2429 1191 2476 calidona
1210 2432 1249 2475 h
1289 2431 1304 2487 ΙΙ
1345 2431 1555 2476 uulnerat
1573 2434 1690 2481 (corr
1718 2443 1778 2487 a6
1810 2432 1874 2483 θ’)
1903 2442 1945 2474 n
1974 2430 2030 2474 οἳ
2060 2431 2100 2475 d
2129 2442 2189 2487 a,3
2220 2459 2237 2485 ⁸
2267 2443 2349 2487 am
2380 2442 2456 2486 a„

364 2510 439 2555 a¹3
469 2500 518 2555 b,
548 2511 620 2557 w¹
657 2512 732 2556 w2
771 2531 789 2557 a
823 2514 851 2556 ς
880 2500 1006 2545 Plan
1151 2502 1236 2548 770
1263 2501 1406 2557 Quam
1437 2501 1810 2547 male-moenia
1837 2513 1965 2546 rome
1982 2513 2053 2557 m¹
2087 2501 2103 2557 ΙΙ
2133 2499 2386 2546 confundat
2403 2502 2452 2556 h,

363 2568 649 2615 confundunt
668 2573 708 2616 d
727 2584 768 2615 η
789 2584 844 2626 α,
868 2586 927 2629 a3
946 2586 1003 2629 a,
1036 2585 1114 2631 a12
1132 2573 1258 2618 Plan
1381 2575 1466 2619 771
1486 2573 1612 2629 Quae
1629 2572 1728 2618 uidi
1748 2586 1803 2628 a,
1891 2572 1975 2618 772
1994 2571 2267 2630 Iactat-Nque
2284 2575 2375 2627 om)
2403 2573 2455 2635 h,

364 2640 636 2697 Luctarique
654 2654 710 2696 n,
740 2643 1013 2702 Lactarique
1032 2657 1066 2690 v
1100 2645 1115 2702 ΙΙ
1152 2645 1392 2702 sedes(que
1421 2650 1510 2697 om)
1540 2656 1573 2689 v
1600 2656 1666 2699 w,
1758 2645 1842 2690 774
1860 2644 2048 2700 antiqua
2066 2644 2107 2688 h
2191 2642 2276 2689 775
2293 2643 2457 2700 priorifl

365 2713 413 2767 b,
439 2713 453 2768 ΙΙ
474 2725 607 2757 mem.
627 2714 849 2759 malorum
878 2728 955 2773 w²
1046 2717 1131 2762 776
1159 2729 1217 2761 en
1238 2716 1338 2761 acui
1359 2716 1527 2772 recepit
1546 2715 1694 2772 Riese,
1726 2715 1916 2773 siynum
1946 2715 2093 2760 interr
2111 2727 2202 2772 pos
2219 2712 2414 2759 Ehwald
2440 2716 2458 2768 fl

364 2786 471 2829 sinit
490 2797 546 2828 en
567 2797 640 2840 me
669 2785 771 2831 acui
790 2788 842 2840 h,
872 2787 956 2831 sin.
976 2801 1097 2833 nunc
1118 2788 1219 2833 acui
1239 2789 1318 2845 b2,
1338 2787 1422 2832 sin.
1443 2788 1491 2831 in
1510 2800 1585 2832 me
1601 2789 1662 2838 lll
1683 2785 1784 2831 acui
1805 2785 1901 2843 (sed
1921 2783 2078 2830 omnia
2087 2786 2279 2842 praeter
2294 2797 2327 2828 n
2345 2783 2456 2829 alte-

365 2870 470 2900 rum
489 2859 535 2901 et
552 2869 597 2901 m
619 2869 644 2901 c
662 2872 691 2901 a
712 2871 758 2901 m
777 2857 811 2901 2
817 2859 1001 2914 partim
1020 2859 1041 2904 i
1058 2862 1100 2913 r)
1121 2858 1185 2913 F,
1216 2858 1300 2904 sin.
1321 2858 1370 2902 in
1390 2871 1464 2903 me
1485 2871 1513 2903 o
1534 2857 1607 2903 cui
1629 2869 1714 2915 a„
1745 2857 1829 2902 sin.
1851 2856 1899 2900 in
1919 2868 1992 2901 me
2020 2855 2120 2901 acui
2141 2854 2235 2909 (sed
2260 2854 2316 2912 cf
2335 2869 2363 2900 r
2389 2856 2458 2899 m²

357 2941 395 2983 p
424 2926 512 2973 339
540 2926 772 2982 LMilller)
802 2929 853 2973 A
884 2947 923 2975 ω
952 2930 1098 2987 vulyo,
1138 2928 1238 2973 ἰδοὺ
1277 2933 1364 2988 γὰρ
1402 2932 1465 2972 εἰς
1508 2930 1585 2984 ἐμὲ
1626 2928 1868 2986 θηγόμενα
1905 2926 2043 2983 Plan,
2088 2925 2175 2971 sin.
2211 2937 2330 2971 anne
2355 2925 2456 2971 acui

367 2997 582 3055 Postyate
631 2998 646 3054 ΙΙ
696 2998 780 3044 sin.
809 3000 856 3043 in
887 3013 990 3045 mea
1018 3000 1194 3046 uiscera
1222 3001 1341 3046 latos
1379 3012 1498 3044 cern.
1528 3011 1574 3054 v,
1614 2999 1699 3043 sin.
1729 2998 1897 3044 inlatos
1925 3010 2028 3043 mea
2060 2996 2236 3042 uiscera
2273 3008 2390 3042 cern.
2420 3008 2458 3052 q

367 3071 448 3115 777
479 3069 610 3125 Quod
641 3082 716 3124 am
764 3070 779 3125 ss
829 3070 1041 3127 expellite
1068 3084 1137 3127 w,
1188 3072 1202 3128 ΙΙ
1251 3073 1386 3124 ne(ue
1414 3071 1435 3115 i
1460 3084 1487 3114 r
1515 3084 1562 3114 m
1591 3069 1636 3124 2)
1667 3068 1725 3114 1³⁷
1834 3068 1919 3114 778
1947 3068 2215 3124 extinguere
2243 3078 2301 3122 a,
2327 3077 2371 3112 π
2398 3067 2455 3123 b,

368 3142 452 3187 779
478 3153 537 3186 ne
557 3141 797 3198 quicquam
819 3142 870 3196 h,
899 3154 983 3186 nec
1003 3141 1253 3198 quidquam
1285 3142 1364 3198 b„
1393 3153 1477 3186 nec
1497 3140 1738 3197 quicquam
1770 3152 1834 3198 a,
1924 3137 2114 3190 780s879
2140 3139 2327 3184 exstant
2344 3137 2397 3183 in
2416 3138 2458 3182 d

369 3213 454 3258 780
483 3224 739 3269 quenquam
770 3211 817 3256 R
960 3212 1043 3257 781
1085 3213 1263 3269 possint
1305 3224 1374 3268 w⁴
1425 3211 1440 3268 ΙΙ
1488 3215 1677 3256 uentum
1723 3210 1841 3256 decr.
1886 3208 1987 3263 (coll
2016 3207 2126 3254 trist
2151 3207 2252 3263 V3,
2279 3206 2354 3261 25)
2381 3205 2458 3252 Hs

368 3283 451 3329 782
479 3282 590 3327 haut
620 3282 676 3326 F
700 3295 768 3339 w¹
860 3282 944 3329 783
971 3283 1121 3328 ferent
1138 3296 1175 3339 9
1213 3284 1228 3340 ΙΙ
1263 3282 1418 3339 nigras
1434 3283 1553 3327 inter
1579 3293 1613 3326 v
1642 3295 1670 3338 ς
1698 3280 1745 3326 R
1764 3280 1839 3326 Hs
1857 3280 1991 3336 vulyo
2011 3278 2121 3324 olim
2207 3277 2291 3323 781
2309 3276 2457 3324 Terri-

367 3353 563 3411 bilisque
608 3351 683 3452 f,
729 3353 1064 3412 Terribilesque
1094 3353 1143 3398 A
1176 3373 1212 3396 ω
1242 3354 1377 3411 vulyo
1428 3353 1443 3410 ΙΙ
1495 3352 1758 3409 audita(que
1796 3353 1886 3405 om)
1922 3361 1956 3394 v
1972 3382 1985 3403 ,
2027 3360 2336 3406 concussaque
2376 3359 2452 3406 w⁶

658 3426 771 3453 nuere

370 3466 454 3511 ’285
482 3465 800 3512 Promonuisse
829 3467 888 3513 οἳ
937 3466 951 3523 ΙΙ
988 3467 1129 3512 tristis
1159 3479 1343 3524 quoque
1370 3465 1480 3511 solis
1518 3466 1572 3521 d,
1603 3462 1775 3509 Phoebi
1806 3474 1992 3520 quoque
2019 3460 2162 3506 tristis
2191 3464 2266 3515 (ωε
2299 3460 2456 3512 οοάᾱὲ)

369 3535 443 3580 Hs
469 3536 603 3593 vulyo
633 3537 743 3581 olim
887 3537 971 3583 768
999 3536 1412 3583 Lumina—lurida
1441 3548 1498 3593 a⁴
1526 3548 1595 3593 w¹
1624 3547 1699 3591 ω,
1748 3534 1766 3590 Ι
1810 3532 1996 3592 fimebat
2023 3533 2063 3577 h
2224 3530 2306 3577 787
2335 3529 2458 3576 faces

369 3606 468 3651 inse
494 3618 527 3651 v
575 3607 591 3662 ΙΙ
626 3620 774 3652 arsere
803 3620 861 3663 aa
976 3608 1061 3653 789
1090 3608 1174 3654 788
1202 3609 1295 3662 (sed
1328 3606 1495 3653 litteris
1526 3607 1551 3652 b
1581 3620 1610 3651 a
1637 3607 1755 3658 corr)
1786 3604 1844 3649 οἳ
1957 3602 2045 3649 788
2073 3602 2193 3647 inter
2219 3600 2365 3647 nubes
2395 3613 2456 3655 aa

372 3675 456 3720 789
483 3675 637 3721 uultus
680 3689 721 3721 n
