2580 4088
694 206 778 253 ον.
808 206 988 252 Metam.
1018 206 1118 252 Lib.
1139 206 1263 264 xiv,
1293 221 1340 251 v.
1374 209 1607 252 171—207.
2092 209 2193 257 539

0 409 2 431 ζ
108 350 198 405 ille
234 348 444 417 quidem
481 351 647 403 totam
684 350 1043 417 gemebundus
1079 347 1384 403 obambulat
1421 352 1647 403 Aetnam

0 445 15 515 ἰ
107 435 557 505 praetemptatque
595 449 756 487 manu
793 434 949 487 silvas
986 438 1039 488 et
1074 434 1287 488 luminis
1323 434 1480 488 orbus

107 518 322 588 rupibus
360 518 593 571 incursat
628 517 936 586 foedataque
973 519 1217 572 bracchia
1251 519 1374 573 tabo
2122 528 2191 569 190

106 602 163 657 in
198 617 341 656 mare
376 602 690 671 protendens
727 605 937 671 gentem
976 606 1271 657 exsecratur
1304 604 1558 657 Achivam

107 688 263 755 atque
300 686 397 740 ait:
436 702 500 751 „o
537 687 582 740 si
619 687 735 755 quis
771 686 962 740 referat
997 689 1127 741 mihi
1163 704 1314 742 casus
1350 688 1560 744 Ulixem

4 763 13 796 ‘³
107 774 199 826 aut
234 771 460 840 aliquem
498 787 526 825 e
564 772 732 841 sociis,
768 773 823 824 in
862 788 1018 840 quem
1055 788 1173 826 mea
1208 774 1405 827 saeviat
1438 773 1532 838 ira,

4 838 12 916 Ξ
106 855 303 910 viscera
338 856 487 910 cuius
525 857 695 916 edam,
733 857 882 910 cuius
919 857 1145 910 viventia
1183 858 1361 911 dextra

3 932 13 1006 ξ
105 940 342 994 membra
376 956 495 994 mea
529 941 739 1006 laniem,
776 942 924 995 cuius
961 942 1092 994 mihi
1129 943 1342 1010 sanguis
1377 942 1597 996 inundet
2123 950 2194 991 195

106 1026 286 1093 guttur
321 1027 375 1079 et
411 1026 526 1080 elisi
562 1027 822 1095 trepident
859 1028 956 1080 sub
995 1027 1239 1081 dentibus
1276 1030 1442 1081 artus:

107 1125 263 1178 quam
300 1111 505 1165 nullum
544 1113 636 1165 aut
670 1112 782 1166 leve
820 1113 888 1165 sit
925 1112 1176 1165 damnum
1212 1113 1343 1165 mihi
1379 1113 1511 1165 lucis
1548 1111 1878 1180 ademptae!“

4 1175 10 1263 ἷ,
103 1193 233 1248 haec
269 1196 322 1248 et
357 1195 508 1264 plura
544 1196 714 1265 ferox3
750 1212 835 1250 me
871 1198 1071 1250 luridus
1109 1199 1328 1267 occupat
1362 1198 1540 1250 horror

3 1269 10 1343 ξ
104 1281 428 1348 spectantem
465 1282 640 1334 vultus
678 1281 968 1336 etiamnum
1005 1282 1161 1335 caede
1197 1282 1468 1335 madentes

4 1393 10 1432 ξ
104 1364 441 1433 crudelesque
478 1381 666 1419 manus
704 1369 757 1420 et
791 1367 1002 1420 inanem
1037 1367 1251 1419 luminis
1287 1367 1465 1420 orbem
2118 1375 2192 1416 200

3 1434 10 1512 ἶ,
101 1448 439 1517 membraque
478 1453 531 1504 et
567 1451 797 1505 humano
835 1453 1130 1504 concretam
1167 1451 1419 1519 sanguine
1455 1452 1689 1504 barbam.

3 1565 9 1609 3
101 1547 241 1586 mors
266 1536 378 1587 erat
413 1537 534 1588 ante
571 1537 760 1601 oculoS,
796 1536 1076 1589 minimum
1112 1538 1290 1590 tamen
1326 1537 1440 1604 ipsa
1477 1536 1696 1589 doloris:

2 1615 8 1678 'J
103 1618 156 1670 et
189 1618 296 1670 iam
331 1634 656 1687 prensumm,
693 1621 801 1674 iam
836 1636 978 1674 nunc
1013 1636 1131 1673 mea
1167 1621 1365 1673 viscera
1399 1621 1551 1674 rebar

99 1701 155 1754 in
194 1718 289 1756 sua
324 1719 634 1768 mersurum,
682 1705 948 1773 mentique
985 1705 1234 1758 haerebat
1267 1705 1440 1772 imago

4 1811 7 1856 5
100 1788 348 1856 temporis
384 1788 540 1854 illius,
578 1806 679 1858 quo
715 1789 819 1843 vidi
856 1790 980 1843 bina
1014 1805 1251 1843 meorum
2118 1797 2191 1838 205

4 1869 7 1954 ss
99 1872 181 1924 ter
217 1875 400 1940 quater
435 1874 611 1942 adfligi
647 1875 904 1928 sociorum
941 1890 1154 1944 corpora
1189 1876 1374 1944 terrae,

101 1971 222 2009 cum
259 1974 414 2026 super
447 1960 558 2028 ipse
592 1961 768 2013 iacens
804 1960 993 2012 hirsuti
1026 1975 1170 2014 more
1206 1959 1370 2013 leonis

101 2082 158 2125 οἳ
187 2096 216 2138 ς
243 2083 320 2127 Ha
346 2083 476 2141 vulgo
506 2085 628 2140 olim,
659 2099 718 2129 m.
740 2084 934 2130 redemit
961 2099 989 2141 ς
1023 2085 1039 2141 ΙΙ
1074 2084 1133 2128 ab
1164 2090 1288 2130 certa
1315 2098 1374 2128 m.
1406 2085 1586 2129 diremit
1613 2083 1716 2127 coni
1745 2082 1819 2127 Hs
1933 2084 2019 2129 188
2047 2082 2191 2139 gemi-

100 2151 283 2198 bundus
324 2167 357 2199 τ
402 2154 466 2209 F,
496 2155 824 2200 fremebundus
852 2154 1057 2211 cSprotii
1084 2155 1160 2199 Hs
1189 2155 1323 2212 vulqo
1354 2155 1478 2212 olim,
1514 2154 1839 2200 tremebundus
1868 2153 2127 2211 ceFra‘ncof
2147 2155 2194 2197 et

100 2220 255 2267 Hamb
291 2224 307 2279 ΙΙ
342 2230 442 2270 tuta
469 2239 515 2282 g.
546 2226 621 2271 ob.
652 2226 882 2280 (alet(h)na
911 2228 956 2270 1«
987 2227 1037 2270 3²
1066 2241 1094 2282 ς
1129 2227 1143 2282 ΙΙ
1179 2225 1361 2270 ethnam
1391 2227 1412 2270 i
1438 2240 1465 2270 r
1492 2225 1625 2282 infra
1656 2225 1723 2270 lin
1751 2241 1805 2281 μ,
1836 2228 2016 2270 Aetnen
2044 2224 2192 2269 Bothe

99 2292 186 2338 189
213 2293 565 2353 Praetentatque
584 2297 653 2341 vel
671 2297 998 2353 Pertentatque
1027 2312 1055 2353 ς
1141 2297 1228 2341 190
1245 2296 1536 2353 phedataque
1556 2297 1623 2351 N,
1655 2296 1904 2353 sedataque
1921 2311 1953 2340 τ
1984 2297 1998 2352 ΙΙ
2027 2295 2192 2340 bachia

102 2361 160 2405 F
236 2365 322 2410 191
338 2367 642 2422 praetendens
659 2383 702 2423 μ
721 2370 760 2413 h
779 2383 807 2424 ς
826 2367 888 2421 R,
916 2367 1192 2423 pretendens
1211 2367 1303 2421 (sic)
1322 2369 1398 2412 Μ
1465 2367 1551 2412 192
1570 2367 1737 2411 ulixem
1758 2368 1827 2411 M
1845 2367 1902 2410 F
1915 2371 1965 2411 οἳ
1993 2382 2022 2423 ς
2041 2367 2191 2419 Riese,

99 2432 296 2491 ulyssem
317 2450 346 2493 ς
378 2436 466 2491 VA,
496 2438 618 2482 ulixe
653 2440 705 2492 h,
735 2439 920 2489 ulixem
956 2453 1012 2482 ex
1032 2452 1061 2481 n
1082 2452 1129 2481 m
1147 2438 1191 2489 2)
1221 2439 1288 2491 Ν,
1319 2438 1472 2482 ulixen
1501 2453 1543 2493 μ
1570 2452 1602 2482 τ
1630 2450 1667 2493 9
1696 2453 1724 2494 ς
1751 2438 1886 2494 vulqo
2002 2437 2089 2483 193
2118 2441 2192 2488 (ex

102 2503 195 2549 add
212 2520 260 2550 m
278 2506 324 2561 2)
344 2508 481 2552 sociis
506 2510 573 2563 N,
603 2522 659 2554 ex
679 2522 770 2553 soc.
803 2523 830 2565 ς
865 2509 880 2565 ΙΙ
919 2509 968 2553 in
990 2522 1082 2565 quo
1103 2509 1172 2565 (cf
1182 2509 1218 2553 Ι
1224 2508 1265 2554 V
1276 2509 1365 2554 547
1365 2518 1379 2562 )
1399 2510 1444 2553 1?
1466 2510 1515 2552 32
1534 2521 1571 2564 9
1601 2523 1628 2565 ς
1647 2508 1795 2554 Bothe
1832 2509 1848 2564 fl
1881 2509 2007 2553 seuia
2026 2521 2133 2553 cura
2159 2523 2191 2553 τ

101 2575 242 2632 19489
270 2578 398 2623 cuius
428 2579 878 2624 uiuentia-laniem
909 2594 981 2624 om
1019 2579 1066 2623 0
1093 2580 1143 2633 h,
1173 2580 1193 2623 i
1231 2580 1248 2623 l
1274 2592 1316 2623 η
1446 2579 1531 2624 19ὃ
1559 2580 1779 2635 sanguine
1807 2579 1974 2623 cAmbr
2002 2579 2148 2624 Bothe
2177 2580 2192 2633 ΙΙ

101 2644 280 2692 inuidet
305 2648 344 2692 h
456 2650 543 2695 196
570 2655 756 2706 guttura
786 2663 822 2705 9
859 2651 874 2706 ΙΙ
910 2650 1132 2706 crepitent
1149 2650 1273 2694 eBas
1301 2653 1347 2694 et
1375 2664 1397 2694 e
1415 2651 1519 2694 coni
1539 2651 1607 2706 (cf
1619 2649 1718 2693 XV
1735 2650 1837 2703 527)
1857 2651 1909 2694 in
1928 2650 2055 2694 Mser
2072 2649 2192 2694 Diez

103 2715 218 2763 1075
232 2718 309 2764 Hs
420 2721 504 2766 197
535 2720 675 2775 Quam
697 2720 867 2765 nullum
888 2726 1047 2777 (quatu
1067 2722 1087 2765 i
1106 2735 1184 2778 my
1212 2726 1286 2776 m)
1317 2722 1393 2764 M
1410 2736 1451 2776 μ
1481 2721 1530 2765 32
1557 2735 1585 2776 ς
1617 2739 1653 2762 ω
1683 2720 1834 2776 vulyo,
1863 2720 1965 2764 Aut
1993 2724 2027 2773 (1
2056 2733 2190 2776 quam

57 2791 65 2799 ‘
107 2799 203 2831 sacr
228 2803 276 2833 m
304 2789 351 2846 2)
380 2790 553 2835 nullum
573 2791 640 2848 N,
672 2791 771 2846 Quo
792 2796 893 2847 (pro
915 2797 966 2835 ut
983 2805 1078 2835 secr
1095 2796 1141 2844 τ)
1162 2792 1333 2836 nullum
1352 2792 1407 2835 E
1432 2805 1464 2835 τ
1493 2793 1531 2836 h
1567 2792 1581 2846 ΙΙ
1617 2791 1810 2847 adeptae
1836 2805 1868 2835 τ
1982 2791 2068 2836 198
2097 2804 2191 2836 occ.

103 2869 226 2903 orror
255 2874 284 2916 ς
453 2862 539 2907 198
566 2862 652 2906 201
682 2862 768 2907 199
795 2861 883 2907 200
919 2863 957 2906 h
1126 2862 1213 2907 199
1242 2862 1378 2906 etiam
1415 2875 1523 2905 num
1564 2863 1631 2905 M
1657 2877 1699 2916 μ
1738 2864 1776 2906 h
1805 2876 1833 2917 ς
1861 2863 1905 2905 Α
1935 2861 2009 2906 Hs
2043 2862 2189 2918 vulyo,

11 2932 15 2937 '
102 2928 238 2974 etiam
267 2945 388 2977 nunc
418 2933 475 2976 F
496 2947 527 2977 τ
557 2934 607 2978 6²
635 2946 685 2988 9,
725 2933 998 2985 etiamnu(nc
1034 2947 1091 2977 ea:
1119 2947 1222 2977 corr
1250 2947 1296 2976 m
1330 2932 1375 2986 2)
1406 2933 1466 2976 Ν
1514 2933 1529 2989 ΙΙ
1583 2933 1815 2985 madent(e
1852 2933 1872 2977 i
1900 2947 1926 2976 r
1962 2947 2011 2976 m
2039 2933 2107 2986 2)s
2142 2933 2198 2976 N

102 3000 188 3045 199
229 3000 315 3046 201
357 3003 446 3048 200
488 3004 545 3048 3²
574 3019 615 3060 ς,
659 3018 745 3060 quo
780 3004 976 3060 probato
1020 3009 1266 3060 mentaque
1310 3008 1355 3047 et
1398 3003 1598 3048 humano
1632 3018 1692 3059 ap
1723 3002 1930 3047 Fabrum
1960 3017 2014 3059 ep
2044 3003 2111 3047 II
2135 3003 2189 3047 71

104 3069 383 3129 Schepperus
496 3075 584 3119 200
613 3075 913 3131 Credelesque
931 3089 973 3129 μ
1010 3075 1025 3130 ΙΙ
1061 3074 1218 3118 orbum
1249 3074 1321 3117 Μ
1352 3074 1366 3130 ΙΙ
1404 3080 1450 3118 et
1478 3074 1630 3118 lumen
1649 3074 1833 3118 luminis
1854 3073 2014 3118 orbum
2036 3075 2191 3118 Hous-

103 3155 212 3186 man
323 3143 411 3189 200
437 3144 525 3189 202
551 3145 638 3190 201
670 3145 716 3189 O
829 3145 918 3190 202
937 3159 1010 3189 om
1029 3146 1065 3199 (i
1083 3159 1159 3202 my
1178 3159 1224 3187 m
1239 3144 1283 3196 2)
1301 3159 1343 3199 μ
1379 3145 1393 3200 ΙΙ
1415 3144 1537 3189 Mors
1557 3150 1654 3189 erat
1673 3150 1779 3189 ante
1801 3145 1970 3201 ciclops
1990 3145 2190 3189 animum

101 3217 254 3258 tamen
280 3215 355 3259 M
389 3216 404 3271 ΙΙ
443 3215 681 3260 minimum
716 3221 786 3260 est
813 3217 870 3270 1³,
916 3215 1246 3271 minimumque
1276 3215 1415 3259 habet
1442 3228 1479 3271 9
1519 3216 1534 3271 ΙΙ
1574 3216 1674 3271 ipsa
1710 3215 1883 3260 doloris
1913 3216 1983 3260 M
2010 3215 2067 3259 F
2089 3217 2127 3259 h
2155 3229 2187 3259 τ

101 3284 164 3338 μΞ
191 3298 228 3341 9
256 3300 284 3341 ς
303 3285 402 3337 VA,
432 3286 510 3331 illa
538 3286 757 3331 malorum
787 3287 837 3331 6²
859 3298 901 3331 η
930 3301 958 3343 ς
985 3287 1132 3343 vulyo,
1166 3289 1217 3328 τὸ
1250 3293 1346 3328 τῶν
1375 3293 1528 3328 κακῶν
1558 3284 1794 3340 ἐλάχιστον
1825 3286 1880 3339 ἦν
1899 3286 2023 3330 Plan
2045 3287 2060 3341 ΙΙ
2083 3292 2188 3329 ante

53 3400 55 3402 ,
104 3354 277 3407 (oculos
295 3356 358 3399 mi
378 3357 398 3401 i
415 3371 442 3401 r
461 3371 507 3400 m
526 3356 742 3411 animum
764 3363 916 3401 tamen
937 3357 1028 3410 (illa
1056 3356 1277 3402 malorum
1307 3357 1328 3400 i
1345 3371 1370 3400 r
1391 3371 1437 3399 m
1455 3356 1499 3408 2)
1528 3356 1590 3399 N
1624 3357 1638 3411 ΙΙ
1675 3356 1875 3412 Occupat
1910 3363 2048 3412 atque
2068 3355 2192 3400 calor

102 3438 286 3482 prorsus
314 3439 439 3471 mea:
470 3426 675 3484 reliquit:
709 3427 929 3483 (membra
959 3428 1050 3471 add
1079 3441 1125 3471 m
1154 3427 1197 3480 3)
1241 3441 1384 3482 supra
1419 3426 1513 3471 202
1536 3427 1556 3470 i
1584 3441 1661 3483 my
1689 3428 1751 3481 μ2
1892 3425 1979 3471 203
2007 3425 2114 3470 Vidi
2145 3431 2191 3469 et

102 3508 367 3552 prensurum
389 3499 520 3550 (corr)
552 3510 589 3553 9
628 3500 643 3553 u
684 3510 941 3553 pressurum
971 3498 1027 3541 F
1046 3498 1108 3542 N
1128 3512 1160 3541 τ
1190 3512 1229 3553 ς,
1260 3510 1526 3553 pransurum
1557 3511 1584 3553 ς
1625 3498 1638 3552 ΙΙ
1678 3497 1767 3540 iam
1788 3510 1897 3540 num
1917 3496 1976 3552 R,
2006 3496 2189 3540 iamiam

104 3567 163 3610 οἳ
190 3581 218 3623 ς
245 3567 380 3624 vulqo
511 3568 598 3612 205
626 3568 722 3612 uidi
751 3569 857 3612 uiua
886 3570 943 3612 θ’)
972 3582 1000 3623 ς
1132 3568 1223 3613 206
1251 3567 1383 3624 affigi
1411 3567 1484 3612 M
1506 3583 1548 3622 μ
1674 3567 1863 3622 207χ212
1892 3566 1967 3611 del
1984 3565 2190 3610 Merkel²

103 3661 188 3710 207
218 3665 330 3710 Cum
359 3633 433 3711 830
433 3623 513 3721 12t,
544 3667 669 3720 Quae
698 3681 834 3724 super
862 3681 889 3722 ς
917 3666 992 3711 Hs
1019 3667 1153 3723 vulyo
1183 3666 1306 3723 olim,
1335 3666 1458 3710 Dum
1491 3678 1628 3722 super
1657 3666 1703 3712 V
1746 3666 1759 3721 ΙΙ
1809 3666 1910 3722 ipsa
1939 3665 1995 3710 F
2019 3677 2057 3720 9
