2554 4094
2079 168 2153 206 XV

72 319 193 355 rum
226 306 396 354 textui
422 306 676 355 carminis
707 307 935 359 insertas
964 311 1018 359 et
1039 310 1264 373 propter
1296 309 1547 357 naturam
1588 306 1875 355 lectionum
1915 308 2075 356 classi
2106 308 2162 358 0.

72 390 404 440 attribuendi
435 391 560 439 sint.

213 474 680 538 Fragmentum
718 477 1140 527 Londinense
1175 478 1390 527 musei
1423 477 1800 525 Britannici
1822 477 2023 525 11967.
2075 479 2157 526 est
2179 478 2218 542 β

75 559 561 620 membranaceum,
618 560 932 623 oblonyum.
1009 564 1188 611 utrum
1243 562 1317 611 sit
1364 561 1569 611 saeculi
1601 561 1659 610 X
1690 562 1936 611 exeuntis
1971 575 2043 610 an
2079 561 2165 609 XI

78 645 316 694 ineuntis
338 645 536 694 nescio.
586 646 886 708 exemplum
914 648 1210 710 scripturae
1234 647 1404 697 habes
1427 646 1579 709 apud
1603 646 1884 696 Chatelain
1910 646 1973 709 pl
2002 645 2157 695 XCV.

80 729 310 779 contulit
349 731 480 792 post
523 729 774 780 Carolum
818 731 1082 781 Dziatzko
1118 731 1203 796 (cf
1229 732 1381 782 Korn
1419 731 1489 781 ed
1516 747 1557 794 p
1588 732 1739 792 VIII,
1785 733 1901 794 ipsa
1946 731 2160 780 collatio

76 814 228 877 apud
270 827 358 863 me
403 811 507 876 est)
546 814 860 864 Theodorus
899 816 1131 866 Gottlieb
1168 816 1404 879 (Wiener
1436 817 1501 866 St
1534 814 1649 866 XII
1679 816 1838 877 1890,
1865 817 1969 865 137
1984 814 2074 877 sq)
2110 817 2164 864 et

79 899 286 949 contuli
303 899 432 962 ipse,
452 901 616 961 atque
636 899 739 960 ille,
772 902 832 949 ut
848 901 1027 951 denuo
1048 902 1313 966 conferret
1335 903 1520 964 partes
1543 903 1783 951 servatas
1809 901 2067 950 librorum
2087 900 2171 948 IV

83 983 133 1032 V
166 983 250 1044 VI,
287 997 389 1047 eqo
428 983 686 1034 librorum
724 985 785 1034 II
815 987 870 1034 et
902 986 1000 1035 III.
1076 988 1265 1036 insunt
1298 989 1477 1036 autem
1517 987 1579 1036 II
1608 982 1847 1036 833l875
1880 986 1969 1035 III
1999 981 2164 1035 1l510

79 1068 163 1117 IV
171 1063 408 1117 298s803
451 1065 674 1118 V1s389
710 1066 950 1120 588l678
990 1067 1257 1121 Vl1s412.
1321 1073 1648 1134 descriptum
1683 1085 1800 1121 esse
1831 1070 1870 1135 β
1895 1085 1961 1120 ex
1985 1070 2166 1119 codice

87 1153 276 1203 litteris
295 1154 615 1203 minusculis
637 1153 968 1205 insularibus
986 1159 1203 1207 exarato
1222 1157 1446 1221 colligas
1475 1171 1542 1206 ex
1565 1156 1946 1206 huiuscemodi
1971 1156 2163 1205 errori-

90 1238 219 1288 bus:
247 1239 371 1302 aipe
384 1253 488 1301 pro
508 1239 692 1303 harpe,
724 1241 1002 1290 tenebrata
1026 1256 1130 1304 pro
1159 1242 1440 1303 terebrata,
1469 1242 1733 1292 lucrantia
1756 1255 1861 1304 pro
1891 1240 2163 1290 luctantia.

88 1323 143 1372 in
165 1323 554 1386 orthographia
576 1339 696 1373 cum
711 1325 772 1374 M
790 1328 1041 1389 congruit
1054 1326 1092 1391 β
1106 1328 1304 1377 mirum
1328 1330 1609 1389 quantum.
1641 1328 2000 1376 consonantes
2009 1339 2165 1388 prae-

81 1409 417 1471 positionum
457 1410 512 1457 in
552 1411 846 1472 conpositis
875 1411 1199 1474 plerumque
1221 1413 1615 1461 adsimilantur.
1690 1412 2003 1473 saepissime
2045 1425 2167 1458 mu-

91 1495 201 1542 tata
240 1494 389 1542 vides
425 1494 442 1542 i
479 1497 531 1543 et
566 1510 620 1558 y,
660 1509 690 1544 e
723 1498 778 1544 et
811 1510 892 1556 ae,
930 1498 951 1545 t
986 1499 1041 1546 et
1075 1511 1119 1546 c.
1169 1497 1206 1545 h
1237 1497 1382 1560 falso
1418 1511 1578 1559 saepe
1613 1499 1710 1546 aut
1747 1497 2015 1545 omittitur
2036 1491 2169 1559 (exi-

87 1573 228 1642 buit)
263 1580 362 1627 aut
390 1580 619 1641 ponitur
653 1576 987 1645 (cohercuit),
1038 1596 1063 1630 s
1094 1584 1225 1643 post
1258 1597 1295 1630 x
1326 1582 1650 1644 plerumque
1684 1581 1894 1640 excidit,
1943 1581 2171 1643 timpora

89 1661 251 1712 michi
276 1663 499 1711 menbra
527 1665 588 1712 ut
626 1665 681 1712 in
706 1663 768 1713 M
805 1666 884 1714 sic
908 1667 1067 1714 etiam
1093 1665 1184 1714 hic
1209 1680 1369 1729 saepe
1398 1667 1544 1730 falso
1580 1667 1778 1728 scripta
1814 1667 1958 1713 sunt.
2035 1678 2173 1725 quas

90 1747 291 1797 habeat
324 1746 363 1811 β
397 1749 736 1798 narrationes
766 1750 1097 1812 fabularum,
1138 1752 1258 1800 vide
1287 1766 1328 1814 p
1366 1751 1488 1800 628.
1565 1751 1718 1800 valde
1763 1750 2055 1799 dolendum
2093 1751 2175 1798 est

90 1831 240 1881 hunc
276 1832 512 1882 codicem
549 1835 784 1884 maxima
822 1849 888 1884 ex
917 1838 1074 1898 parte
1104 1838 1325 1898 perisse.
1400 1851 1528 1886 nam
1569 1838 1630 1885 ut
1658 1836 1771 1899 fuit
1804 1836 2072 1884 Marciani
2104 1836 2174 1883 si-

91 1916 369 1978 millimus,
409 1919 482 1967 ita
519 1920 571 1968 ei
604 1921 659 1968 et
691 1921 865 1969 aetate
900 1923 954 1970 et
981 1923 1158 1984 pretio
1181 1922 1464 1983 aliquanto
1484 1922 1771 1984 praestitit.
1822 1923 1986 1982 atque
2012 1934 2174 1981 quam

90 2004 206 2052 arte
241 2001 279 2067 β
315 2004 370 2051 et
395 2002 458 2052 M
496 2005 772 2054 coniuncti
804 2006 930 2067 sint,
968 2008 1196 2069 exposui
1227 2007 1288 2056 N
1303 2007 1454 2057 Jhbb
1479 2008 1637 2068 1893,
1664 2007 1769 2056 623
1787 2020 1869 2068 sq.
1921 2005 2020 2054 sed
2054 2019 2175 2053 cum

92 2086 131 2151 β
166 2087 378 2149 aliquot
413 2088 544 2138 locis
579 2090 800 2140 meliora
838 2092 1144 2154 suppeditet
1183 2106 1346 2154 quam
1395 2093 1510 2155 ipse
1544 2092 1606 2141 M
1645 2091 1751 2154 (IV
1780 2092 1886 2140 340
1924 2091 2177 2153 flexaque

89 2171 173 2221 IV
199 2172 308 2221 388
344 2173 549 2223 incesto
593 2175 641 2223 V
669 2176 775 2224 163
813 2176 1131 2226 echemmon
1173 2178 1222 2226 V
1250 2178 1356 2227 199
1393 2178 1529 2227 silex
1579 2178 1628 2226 V
1655 2178 1763 2226 343
1800 2191 1986 2226 sumus
2032 2173 2177 2236 alia),

91 2257 273 2306 nescio
310 2271 383 2306 an
421 2258 529 2308 illic
560 2274 602 2322 p
639 2260 744 2309 626
775 2261 964 2323 paullo
1003 2263 1246 2324 iniquius
1282 2263 1349 2312 de
1384 2277 1448 2312 eo
1487 2263 1852 2311 indicaverim.

232 2342 697 2406 Fraymentum
736 2346 1106 2396 Parisinum
1144 2349 1346 2397 12246.
1421 2350 1504 2397 est
1537 2348 2026 2406 membranaceum,
2063 2359 2179 2394 sae·
2202 2360 2248 2393 π

94 2426 206 2475 culi
256 2427 325 2476 X.
401 2429 589 2478 insunt
640 2429 731 2492 (de
783 2433 1188 2482 narrationibus
1228 2434 1545 2497 fabularum
1593 2433 1654 2496 cf
1676 2448 1717 2496 p
1755 2430 1882 2493 628)
1918 2431 1952 2480 Ι
1981 2426 2181 2479 81Ἇ193

95 2511 158 2560 II
189 2507 404 2562 67l160.
480 2515 709 2563 contulit
744 2517 799 2564 in
828 2517 997 2579 journ
1036 2518 1101 2581 of
1123 2518 1204 2580 ph
1230 2511 1337 2567 XV
1353 2519 1440 2579 30,
1466 2519 1573 2567 244
1591 2532 1657 2580 sq
1694 2518 1895 2566 REllis.
1970 2531 2018 2565 π
2055 2530 2182 2564 con-

93 2597 245 2659 yruit
272 2597 389 2660 fere
425 2612 547 2647 cum
583 2597 646 2648 0.
720 2602 1022 2650 notandum
1074 2604 1252 2652 tamen
1290 2604 1386 2663 est,
1434 2604 1490 2651 in
1526 2617 1591 2652 eo
1626 2603 1744 2652 solo
1781 2603 1987 2651 exstare
2023 2601 2084 2648 II
2115 2601 2184 2648 69

99 2681 157 2730 id
209 2683 360 2744 quod
413 2697 595 2734 verum
647 2687 743 2746 est,
799 2687 994 2749 tethys.
1071 2688 1331 2737 vocabula
1374 2702 1789 2749 nonnumquam
1830 2686 1975 2750 falso
2012 2686 2184 2734 divisa

98 2768 230 2816 sunt
259 2769 320 2816 ut
345 2768 379 2816 I
401 2769 507 2818 149
544 2771 765 2820 cedema
796 2772 988 2833 dentis,
1026 2774 1060 2821 I
1074 2773 1182 2822 155
1216 2773 1359 2837 pelio
1398 2788 1611 2834 nossae,
1659 2773 1721 2821 II
1750 2773 1857 2821 122
1893 2771 2005 2821 suis
2043 2785 2183 2820 acro.

62 2854 70 2868 ·’
239 2852 713 2916 Fragmentum
750 2857 1141 2907 Hauniense
1176 2859 1265 2921 Ny
1302 2858 1397 2921 hyl
1429 2858 1582 2908 Saml
1604 2853 1686 2906 20.
1713 2858 1799 2906 56.
1851 2855 2057 2906 contuli
2093 2868 2180 2903 co·
2209 2868 2244 2901 κ

101 2936 272 2986 dicem
309 2937 420 2987 huc
457 2941 832 2990 transmissum
874 2943 929 2991 in
970 2943 1292 2992 bibliotheca
1325 2945 1472 3006 reyia
1498 2943 1835 2992 Berolinensi
1856 2955 2002 2991 anno
2027 2939 2183 2988 1905.

104 3036 140 3070 κ
165 3023 248 3070 est
269 3024 754 3087 membranaceum,
791 3028 1008 3089 saeculi,
1044 3030 1105 3077 ut
1129 3029 1353 3088 videtur,
1378 3028 1492 3077 XII
1510 3029 1770 3088 exeuntis,
1801 3027 1942 3076 binis
1968 3027 2023 3074 in
2052 3039 2185 3073 una-

106 3120 323 3168 quaque
352 3110 557 3172 pagina
595 3111 876 3161 columnis.
938 3114 1188 3176 sinyulae
1224 3114 1507 3163 columnae
1541 3113 1748 3163 habent
1765 3113 1881 3176 fere
1905 3112 1970 3160 41
2002 3111 2184 3160 lineas.

107 3191 295 3240 insunt
330 3193 413 3242 IX
444 3190 680 3245 324l797
715 3197 772 3245 X
803 3192 984 3247 1l707.
1058 3199 1230 3247 multa
1267 3201 1399 3248 sunt
1432 3199 1675 3248 evanida.
1733 3199 1863 3260 post
1897 3196 2004 3245 hoc
2034 3196 2187 3259 fray-

104 3277 345 3325 mentum
382 3291 452 3326 ne
489 3281 772 3343 vestiqium
813 3282 1028 3342 quidem
1070 3283 1239 3331 ullum
1277 3283 1544 3344 reliquum
1583 3284 1666 3331 est
1705 3282 1947 3345 familiae
1987 3278 2051 3329 0.
2124 3294 2188 3328 ac

106 3362 364 3410 memoria
401 3363 627 3425 diynum
665 3367 748 3414 est
772 3367 1002 3416 inveniri
1037 3369 1092 3416 in
1119 3383 1154 3416 κ
1180 3368 1466 3431 manifesta
1494 3368 1689 3416 indicia
1716 3365 2189 3415 contaminationis

108 3459 174 3494 ex
208 3445 267 3495 X
298 3447 353 3495 in
394 3445 444 3496 Ο
481 3449 772 3511 inrepentis
810 3452 954 3501 velut
987 3452 1149 3501 haec:
1182 3452 1266 3501 IX
1297 3453 1403 3501 364
1447 3454 1678 3515 querunt
1728 3451 1822 3500 ubi
1869 3451 1937 3499 sit
1986 3449 2188 3511 driope,

108 3530 194 3579 IX
213 3531 318 3579 489
355 3530 527 3591 Quam
564 3534 704 3583 bene
741 3538 798 3584 tu
835 3539 943 3599 pot.
983 3539 1166 3586 nostro
1200 3551 1381 3600 gener,
1419 3538 1503 3586 IX
1523 3538 1629 3586 503
1654 3551 1843 3600 precor
1867 3535 1985 3598 ipsa
2010 3534 2189 3582 thoro-

112 3629 234 3678 que,
259 3615 344 3664 IX
356 3617 462 3666 593
487 3619 888 3683 submersaque,
914 3622 998 3670 IX
1013 3623 1114 3671 707
1138 3622 1282 3672 facti.
1333 3625 1392 3672 at
1413 3623 1580 3672 habet
1598 3638 1633 3671 κ
1656 3621 1918 3683 quasdam
1941 3620 2193 3668 lectiones
