<?xml version="1.0" encoding="UTF-8"?>
<!DOCTYPE html PUBLIC "-//W3C//DTD XHTML 1.0 Transitional//EN"
    "http://www.w3.org/TR/xhtml1/DTD/xhtml1-transitional.dtd">
<html xmlns="http://www.w3.org/1999/xhtml" xml:lang="en" lang="en">
 <head>
  <title>
</title>
<meta http-equiv="Content-Type" content="text/html;charset=utf-8" />
  <meta name='ocr-system' content='tesseract 3.04.00' />
  <meta name='ocr-capabilities' content='ocr_page ocr_carea ocr_par ocr_line ocrx_word'/>
</head>
<body>
  <div class='ocr_page' id='page_1' title='image "./metamorphoseonli00oviduoft/metamorphoseonli00oviduoft_0737.png"; bbox 0 0 2580 4088; ppageno 0'>
   <div class='ocr_carea' id='block_1_1' title="bbox 0 0 34 357">
    <p class='ocr_par' dir='ltr' id='par_1_1' title="bbox 0 0 34 357">
     <span class='ocr_line' id='line_1_1' title="bbox 0 0 34 357; textangle 90"><span class='ocrx_word' id='word_1_1' title='bbox 0 274 25 357; x_wconf 39' lang='lat' dir='ltr'>&#39;&#39;fu-QX]</span> <span class='ocrx_word' id='word_1_2' title='bbox 0 217 25 258; x_wconf 47' lang='lat' dir='ltr'>&#39;&#39;V&#39;&#39;</span> <span class='ocrx_word' id='word_1_3' title='bbox 0 203 27 212; x_wconf 42' lang='lat' dir='ltr'>*V</span> <span class='ocrx_word' id='word_1_4' title='bbox 0 81 29 189; x_wconf 40' lang='lat' dir='ltr'>&#39;flwuff</span> <span class='ocrx_word' id='word_1_5' title='bbox 0 57 29 73; x_wconf 24' lang='lat' dir='ltr'>&#39;xz&#39;</span> <span class='ocrx_word' id='word_1_6' title='bbox 0 31 23 53; x_wconf 50' lang='lat'>..⁴⁸</span> <span class='ocrx_word' id='word_1_7' title='bbox 0 0 34 21; x_wconf 55' lang='grc' dir='ltr'>,Ξ</span> 
     </span>
    </p>
   </div>
   <div class='ocr_carea' id='block_1_2' title="bbox 559 271 2200 322">
    <p class='ocr_par' dir='ltr' id='par_1_2' title="bbox 559 271 2200 322">
     <span class='ocr_line' id='line_1_2' title="bbox 559 271 2200 322; baseline 0.002 -6"><span class='ocrx_word' id='word_1_8' title='bbox 559 271 696 318; x_wconf 85' lang='lat' dir='ltr'>Liber</span> <span class='ocrx_word' id='word_1_9' title='bbox 724 272 828 317; x_wconf 89' lang='grc' dir='ltr'>ΧΠ.</span> <span class='ocrx_word' id='word_1_10' title='bbox 858 272 952 318; x_wconf 84' lang='lat' dir='ltr'>fab.</span> <span class='ocrx_word' id='word_1_11' title='bbox 983 276 1020 318; x_wconf 90' lang='lat'>5.</span> <span class='ocrx_word' id='word_1_12' title='bbox 1053 275 1078 317; x_wconf 88' lang='grc'>6</span> <span class='ocrx_word' id='word_1_13' title='bbox 1109 277 1156 318; x_wconf 85' lang='lat' dir='ltr'>et</span> <span class='ocrx_word' id='word_1_14' title='bbox 1184 271 1322 318; x_wconf 86' lang='lat' dir='ltr'>Liber</span> <span class='ocrx_word' id='word_1_15' title='bbox 1350 271 1478 317; x_wconf 91' lang='lat' dir='ltr'><strong>XIII.</strong></span> <span class='ocrx_word' id='word_1_16' title='bbox 1507 271 1600 317; x_wconf 82' lang='lat' dir='ltr'>fab.</span> <span class='ocrx_word' id='word_1_17' title='bbox 1635 275 1671 316; x_wconf 89' lang='lat'>1.</span> <span class='ocrx_word' id='word_1_18' title='bbox 2101 274 2200 322; x_wconf 83' lang='lat'>699</span> 
     </span>
    </p>
   </div>
   <div class='ocr_carea' id='block_1_3' title="bbox 964 654 1356 709">
    <p class='ocr_par' dir='ltr' id='par_1_3' title="bbox 964 654 1356 709">
     <span class='ocr_line' id='line_1_3' title="bbox 964 654 1356 709; baseline 0 -2"><span class='ocrx_word' id='word_1_19' title='bbox 964 654 1175 708; x_wconf 86' lang='lat' dir='ltr'>LIBER</span> <span class='ocrx_word' id='word_1_20' title='bbox 1210 654 1356 709; x_wconf 90' lang='lat' dir='ltr'><strong>XIII.</strong></span> 
     </span>
    </p>
   </div>
   <div class='ocr_carea' id='block_1_4' title="bbox 209 808 999 1031">
    <p class='ocr_par' dir='ltr' id='par_1_4' title="bbox 209 808 999 1031">
     <span class='ocr_line' id='line_1_4' title="bbox 256 808 999 863; baseline 0.001 -1"><span class='ocrx_word' id='word_1_21' title='bbox 256 808 285 862; x_wconf 94' lang='lat'>1</span> <span class='ocrx_word' id='word_1_22' title='bbox 318 809 491 862; x_wconf 85' lang='lat' dir='ltr'>Aiacis</span> <span class='ocrx_word' id='word_1_23' title='bbox 529 824 677 862; x_wconf 91' lang='lat' dir='ltr'>cruor</span> <span class='ocrx_word' id='word_1_24' title='bbox 713 809 768 860; x_wconf 93' lang='lat' dir='ltr'>in</span> <span class='ocrx_word' id='word_1_25' title='bbox 804 809 999 863; x_wconf 88' lang='lat' dir='ltr'>florem.</span> 
     </span>
     <span class='ocr_line' id='line_1_5' title="bbox 229 892 858 946; baseline 0 0"><span class='ocrx_word' id='word_1_26' title='bbox 229 893 284 946; x_wconf 95' lang='lat' dir='ltr'>II</span> <span class='ocrx_word' id='word_1_27' title='bbox 317 892 536 946; x_wconf 85' lang='lat' dir='ltr'>Hecuba</span> <span class='ocrx_word' id='word_1_28' title='bbox 570 893 626 946; x_wconf 93' lang='lat' dir='ltr'>in</span> <span class='ocrx_word' id='word_1_29' title='bbox 662 908 858 946; x_wconf 88' lang='lat' dir='ltr'>canem.</span> 
     </span>
     <span class='ocr_line' id='line_1_6' title="bbox 209 977 952 1031; baseline 0.001 -1"><span class='ocrx_word' id='word_1_30' title='bbox 209 977 293 1030; x_wconf 91' lang='lat'>111</span> <span class='ocrx_word' id='word_1_31' title='bbox 328 977 686 1031; x_wconf 82' lang='lat' dir='ltr'>Memnonides</span> <span class='ocrx_word' id='word_1_32' title='bbox 722 978 778 1030; x_wconf 90' lang='lat' dir='ltr'>in</span> <span class='ocrx_word' id='word_1_33' title='bbox 817 994 952 1031; x_wconf 77' lang='lat' dir='ltr'>aveS.</span> 
     </span>
    </p>
   </div>
   <div class='ocr_carea' id='block_1_5' title="bbox 10 1061 1126 1117">
    <p class='ocr_par' dir='ltr' id='par_1_5' title="bbox 10 1061 1126 1117">
     <span class='ocr_line' id='line_1_7' title="bbox 10 1061 1126 1117; baseline -0.001 -1"><span class='ocrx_word' id='word_1_34' title='bbox 10 1106 14 1109; x_wconf 8' lang='lat' dir='ltr'>a</span> <span class='ocrx_word' id='word_1_35' title='bbox 67 1075 93 1116; x_wconf 78' lang='grc'><strong>5</strong></span> <span class='ocrx_word' id='word_1_36' title='bbox 173 1061 284 1115; x_wconf 93' lang='grc' dir='ltr'>ΠΙΙ</span> <span class='ocrx_word' id='word_1_37' title='bbox 318 1062 534 1116; x_wconf 84' lang='lat' dir='ltr'>Anionis</span> <span class='ocrx_word' id='word_1_38' title='bbox 569 1063 706 1116; x_wconf 88' lang='lat' dir='ltr'>filiae</span> <span class='ocrx_word' id='word_1_39' title='bbox 743 1063 799 1115; x_wconf 93' lang='lat' dir='ltr'>in</span> <span class='ocrx_word' id='word_1_40' title='bbox 840 1064 1126 1117; x_wconf 90' lang='lat' dir='ltr'>columbas.</span> 
     </span>
    </p>
   </div>
   <div class='ocr_carea' id='block_1_6' title="bbox 9 1175 33 1202">
    <p class='ocr_par' dir='ltr' id='par_1_6' title="bbox 9 1175 33 1202">
     <span class='ocr_line' id='line_1_8' title="bbox 9 1175 33 1202; baseline 0 0"><span class='ocrx_word' id='word_1_41' title='bbox 9 1188 12 1190; x_wconf 60' lang='lat'>&gt;</span> <span class='ocrx_word' id='word_1_42' title='bbox 27 1175 33 1202; x_wconf 78' lang='lat' dir='ltr'>l</span> 
     </span>
    </p>
   </div>
   <div class='ocr_carea' id='block_1_7' title="bbox 7 1498 2205 1640">
    <p class='ocr_par' dir='ltr' id='par_1_7' title="bbox 7 1498 2205 1640">
     <span class='ocr_line' id='line_1_9' title="bbox 7 1499 86 1540; baseline 0 0"><span class='ocrx_word' id='word_1_43' title='bbox 7 1526 10 1527; x_wconf 19' lang='grc' dir='ltr'><em>ν</em></span> <span class='ocrx_word' id='word_1_44' title='bbox 60 1499 86 1540; x_wconf 89' lang='grc'><strong>0</strong></span> 
     </span>
     <span class='ocr_line' id='line_1_10' title="bbox 27 1498 2205 1640; baseline 0.003 -19.936"><span class='ocrx_word' id='word_1_45' title='bbox 27 1498 62 1614; x_wconf 39' lang='lat'>⁴1</span> <span class='ocrx_word' id='word_1_46' title='bbox 121 1567 282 1622; x_wconf 85' lang='lat' dir='ltr'>frater</span> <span class='ocrx_word' id='word_1_47' title='bbox 316 1570 567 1635; x_wconf 91' lang='lat' dir='ltr'>patruelis</span> <span class='ocrx_word' id='word_1_48' title='bbox 606 1573 756 1640; x_wconf 87' lang='lat' dir='ltr'>esset,</span> <span class='ocrx_word' id='word_1_49' title='bbox 806 1573 860 1623; x_wconf 93' lang='lat' dir='ltr'>et</span> <span class='ocrx_word' id='word_1_50' title='bbox 894 1570 1062 1635; x_wconf 82' lang='lat' dir='ltr'><strong>Ulixe,</strong></span> <span class='ocrx_word' id='word_1_51' title='bbox 1117 1571 1205 1638; x_wconf 92' lang='lat' dir='ltr'>qui</span> <span class='ocrx_word' id='word_1_52' title='bbox 1252 1586 1306 1623; x_wconf 89' lang='lat' dir='ltr'>se</span> <span class='ocrx_word' id='word_1_53' title='bbox 1353 1572 1565 1624; x_wconf 91' lang='lat' dir='ltr'>consilio</span> <span class='ocrx_word' id='word_1_54' title='bbox 1611 1572 1863 1638; x_wconf 85' lang='lat' dir='ltr'>potiorem</span> <span class='ocrx_word' id='word_1_55' title='bbox 1911 1588 1973 1626; x_wconf 91' lang='lat' dir='ltr'>ac</span> <span class='ocrx_word' id='word_1_56' title='bbox 2016 1574 2205 1627; x_wconf 89' lang='lat' dir='ltr'>virtute</span> 
     </span>
    </p>
   </div>
   <div class='ocr_carea' id='block_1_8' title="bbox 37 1920 85 1963">
    <p class='ocr_par' dir='ltr' id='par_1_8' title="bbox 37 1920 85 1963">
     <span class='ocr_line' id='line_1_11' title="bbox 37 1920 85 1963; baseline -0.021 0"><span class='ocrx_word' id='word_1_57' title='bbox 37 1920 85 1963; x_wconf 82' lang='lat'>15</span> 
     </span>
    </p>
   </div>
   <div class='ocr_carea' id='block_1_9' title="bbox 238 1146 1122 1203">
    <p class='ocr_par' dir='ltr' id='par_1_9' title="bbox 238 1146 1122 1203">
     <span class='ocr_line' id='line_1_12' title="bbox 238 1146 1122 1203; baseline 0.002 -4"><span class='ocrx_word' id='word_1_58' title='bbox 238 1146 288 1199; x_wconf 91' lang='lat' dir='ltr'><strong>V</strong></span> <span class='ocrx_word' id='word_1_59' title='bbox 325 1146 528 1200; x_wconf 84' lang='lat' dir='ltr'>Orionis</span> <span class='ocrx_word' id='word_1_60' title='bbox 563 1147 698 1200; x_wconf 91' lang='lat' dir='ltr'>filias</span> <span class='ocrx_word' id='word_1_61' title='bbox 735 1148 790 1200; x_wconf 93' lang='lat' dir='ltr'>in</span> <span class='ocrx_word' id='word_1_62' title='bbox 828 1147 1122 1203; x_wconf 80' lang='lat' dir='ltr'>CoronidaS.</span> 
     </span>
    </p>
   </div>
   <div class='ocr_carea' id='block_1_10' title="bbox 186 1230 1668 1370">
    <p class='ocr_par' dir='ltr' id='par_1_10' title="bbox 186 1230 1668 1370">
     <span class='ocr_line' id='line_1_13' title="bbox 210 1230 1668 1288; baseline 0.002 -5"><span class='ocrx_word' id='word_1_63' title='bbox 210 1230 286 1284; x_wconf 90' lang='lat' dir='ltr'><strong>VI</strong></span> <span class='ocrx_word' id='word_1_64' title='bbox 319 1232 628 1285; x_wconf 87' lang='lat' dir='ltr'>Ambracius</span> <span class='ocrx_word' id='word_1_65' title='bbox 664 1233 720 1284; x_wconf 94' lang='lat' dir='ltr'>in</span> <span class='ocrx_word' id='word_1_66' title='bbox 758 1248 940 1286; x_wconf 90' lang='lat' dir='ltr'>saxum</span> <span class='ocrx_word' id='word_1_67' title='bbox 978 1236 1031 1287; x_wconf 88' lang='lat' dir='ltr'>et</span> <span class='ocrx_word' id='word_1_68' title='bbox 1066 1234 1279 1287; x_wconf 86' lang='lat' dir='ltr'>Molossi</span> <span class='ocrx_word' id='word_1_69' title='bbox 1313 1234 1408 1286; x_wconf 88' lang='lat' dir='ltr'>filii</span> <span class='ocrx_word' id='word_1_70' title='bbox 1442 1235 1497 1287; x_wconf 93' lang='lat' dir='ltr'>in</span> <span class='ocrx_word' id='word_1_71' title='bbox 1535 1250 1668 1288; x_wconf 74' lang='lat' dir='ltr'>aves</span> 
     </span>
     <span class='ocr_line' id='line_1_14' title="bbox 186 1314 787 1370; baseline 0 -2"><span class='ocrx_word' id='word_1_72' title='bbox 186 1314 291 1368; x_wconf 90' lang='lat' dir='ltr'>VII</span> <span class='ocrx_word' id='word_1_73' title='bbox 325 1316 448 1369; x_wconf 89' lang='lat' dir='ltr'>Acis</span> <span class='ocrx_word' id='word_1_74' title='bbox 484 1317 540 1369; x_wconf 92' lang='lat' dir='ltr'>in</span> <span class='ocrx_word' id='word_1_75' title='bbox 575 1317 787 1370; x_wconf 87' lang='lat' dir='ltr'>fiumen.</span> 
     </span>
    </p>
   </div>
   <div class='ocr_carea' id='block_1_11' title="bbox 152 1399 1149 1455">
    <p class='ocr_par' dir='ltr' id='par_1_11' title="bbox 152 1399 1149 1455">
     <span class='ocr_line' id='line_1_15' title="bbox 152 1399 1149 1455; baseline 0.002 -3"><span class='ocrx_word' id='word_1_76' title='bbox 152 1399 284 1452; x_wconf 92' lang='lat' dir='ltr'><strong>VIII</strong></span> <span class='ocrx_word' id='word_1_77' title='bbox 322 1400 552 1454; x_wconf 79' lang='lat' dir='ltr'><strong>Glaucus</strong></span> <span class='ocrx_word' id='word_1_78' title='bbox 587 1402 643 1453; x_wconf 91' lang='lat' dir='ltr'>in</span> <span class='ocrx_word' id='word_1_79' title='bbox 682 1402 838 1454; x_wconf 90' lang='lat' dir='ltr'>deum</span> <span class='ocrx_word' id='word_1_80' title='bbox 874 1402 1149 1455; x_wconf 88' lang='lat' dir='ltr'>marinum.</span> 
     </span>
    </p>
   </div>
   <div class='ocr_carea' id='block_1_12' title="bbox 260 1485 2375 1557">
    <p class='ocr_par' dir='ltr' id='par_1_12' title="bbox 260 1485 2375 1557">
     <span class='ocr_line' id='line_1_16' title="bbox 260 1485 2375 1557; baseline -0.001 -18"><span class='ocrx_word' id='word_1_81' title='bbox 260 1485 464 1539; x_wconf 77' lang='lat' dir='ltr'>Achille</span> <span class='ocrx_word' id='word_1_82' title='bbox 502 1486 566 1539; x_wconf 88' lang='lat' dir='ltr'>ab</span> <span class='ocrx_word' id='word_1_83' title='bbox 592 1486 881 1539; x_wconf 89' lang='lat' dir='ltr'>Alexandro</span> <span class='ocrx_word' id='word_1_84' title='bbox 917 1487 1085 1539; x_wconf 90' lang='lat' dir='ltr'>occiso</span> <span class='ocrx_word' id='word_1_85' title='bbox 1123 1502 1268 1539; x_wconf 90' lang='lat' dir='ltr'>arma</span> <span class='ocrx_word' id='word_1_86' title='bbox 1303 1503 1425 1539; x_wconf 92' lang='lat' dir='ltr'>cum</span> <span class='ocrx_word' id='word_1_87' title='bbox 1459 1488 1758 1554; x_wconf 90' lang='lat' dir='ltr'>peterentur</span> <span class='ocrx_word' id='word_1_88' title='bbox 1782 1488 1846 1541; x_wconf 90' lang='lat' dir='ltr'>ab</span> <span class='ocrx_word' id='word_1_89' title='bbox 1873 1489 2044 1557; x_wconf 84' lang='lat' dir='ltr'>Aiace,</span> <span class='ocrx_word' id='word_1_90' title='bbox 2082 1490 2205 1557; x_wconf 86' lang='lat' dir='ltr'>quia</span> <span class='ocrx_word' id='word_1_91' title='bbox 2237 1499 2320 1549; x_wconf 75' lang='lat' dir='ltr'>fab</span> <span class='ocrx_word' id='word_1_92' title='bbox 2349 1496 2375 1538; x_wconf 94' lang='lat'><strong><em>1</em></strong></span> 
     </span>
    </p>
   </div>
   <div class='ocr_carea' id='block_1_13' title="bbox 118 1654 2207 2318">
    <p class='ocr_par' dir='ltr' id='par_1_13' title="bbox 118 1654 2207 2318">
     <span class='ocr_line' id='line_1_17' title="bbox 119 1654 2205 1725; baseline 0.002 -19"><span class='ocrx_word' id='word_1_93' title='bbox 119 1654 386 1723; x_wconf 86' lang='lat' dir='ltr'>indicaret,</span> <span class='ocrx_word' id='word_1_94' title='bbox 430 1655 626 1723; x_wconf 86' lang='lat' dir='ltr'>placuit</span> <span class='ocrx_word' id='word_1_95' title='bbox 668 1656 1001 1724; x_wconf 89' lang='lat' dir='ltr'>principibus,</span> <span class='ocrx_word' id='word_1_96' title='bbox 1048 1657 1108 1707; x_wconf 91' lang='lat' dir='ltr'>ut</span> <span class='ocrx_word' id='word_1_97' title='bbox 1143 1656 1414 1723; x_wconf 89' lang='lat' dir='ltr'>utriusque</span> <span class='ocrx_word' id='word_1_98' title='bbox 1451 1660 1597 1722; x_wconf 86' lang='lat' dir='ltr'>gesta</span> <span class='ocrx_word' id='word_1_99' title='bbox 1632 1672 1759 1722; x_wconf 87' lang='lat' dir='ltr'>erga</span> <span class='ocrx_word' id='word_1_100' title='bbox 1794 1672 1905 1709; x_wconf 89' lang='lat' dir='ltr'>rem</span> <span class='ocrx_word' id='word_1_101' title='bbox 1942 1657 2205 1725; x_wconf 80' lang='lat' dir='ltr'>publicam</span> 
     </span>
     <span class='ocr_line' id='line_1_18' title="bbox 120 1738 2206 1811; baseline 0.002 -21"><span class='ocrx_word' id='word_1_102' title='bbox 120 1738 176 1790; x_wconf 90' lang='lat' dir='ltr'>in</span> <span class='ocrx_word' id='word_1_103' title='bbox 215 1739 350 1792; x_wconf 90' lang='lat' dir='ltr'>bello</span> <span class='ocrx_word' id='word_1_104' title='bbox 386 1740 825 1808; x_wconf 86' lang='lat' dir='ltr'>perpenderentur</span> <span class='ocrx_word' id='word_1_105' title='bbox 861 1741 914 1793; x_wconf 89' lang='lat' dir='ltr'>et</span> <span class='ocrx_word' id='word_1_106' title='bbox 950 1740 1170 1807; x_wconf 86' lang='lat' dir='ltr'>digniori</span> <span class='ocrx_word' id='word_1_107' title='bbox 1206 1741 1526 1808; x_wconf 89' lang='lat' dir='ltr'>propositum</span> <span class='ocrx_word' id='word_1_108' title='bbox 1562 1741 1853 1811; x_wconf 87' lang='lat' dir='ltr'>praemium</span> <span class='ocrx_word' id='word_1_109' title='bbox 1889 1757 2010 1794; x_wconf 91' lang='lat' dir='ltr'>cum</span> <span class='ocrx_word' id='word_1_110' title='bbox 2049 1758 2206 1795; x_wconf 87' lang='lat' dir='ltr'>causa</span> 
     </span>
     <span class='ocr_line' id='line_1_19' title="bbox 122 1825 2205 1894; baseline 0.001 -17"><span class='ocrx_word' id='word_1_111' title='bbox 122 1825 188 1877; x_wconf 86' lang='lat' dir='ltr'>ab</span> <span class='ocrx_word' id='word_1_112' title='bbox 233 1825 472 1877; x_wconf 88' lang='lat' dir='ltr'>universo</span> <span class='ocrx_word' id='word_1_113' title='bbox 519 1826 746 1878; x_wconf 90' lang='lat' dir='ltr'>exercitu</span> <span class='ocrx_word' id='word_1_114' title='bbox 781 1825 1105 1878; x_wconf 80' lang='lat' dir='ltr'>tribueretur.</span> <span class='ocrx_word' id='word_1_115' title='bbox 1178 1825 1311 1879; x_wconf 88' lang='lat' dir='ltr'>Cum</span> <span class='ocrx_word' id='word_1_116' title='bbox 1347 1826 1525 1893; x_wconf 89' lang='lat' dir='ltr'>itaque</span> <span class='ocrx_word' id='word_1_117' title='bbox 1561 1826 1616 1877; x_wconf 93' lang='lat' dir='ltr'>in</span> <span class='ocrx_word' id='word_1_118' title='bbox 1654 1828 1933 1894; x_wconf 90' lang='lat' dir='ltr'>conspectu</span> <span class='ocrx_word' id='word_1_119' title='bbox 1971 1828 2205 1880; x_wconf 92' lang='lat' dir='ltr'>omnium</span> 
     </span>
     <span class='ocr_line' id='line_1_20' title="bbox 118 1909 2207 1980; baseline 0.001 -17"><span class='ocrx_word' id='word_1_120' title='bbox 118 1910 249 1963; x_wconf 84' lang='lat' dir='ltr'>Aiax</span> <span class='ocrx_word' id='word_1_121' title='bbox 283 1910 530 1963; x_wconf 85' lang='lat' dir='ltr'>virtutem</span> <span class='ocrx_word' id='word_1_122' title='bbox 555 1925 720 1976; x_wconf 89' lang='lat' dir='ltr'>suam,</span> <span class='ocrx_word' id='word_1_123' title='bbox 760 1910 949 1977; x_wconf 89' lang='lat' dir='ltr'>quibus</span> <span class='ocrx_word' id='word_1_124' title='bbox 977 1909 1159 1964; x_wconf 87' lang='lat' dir='ltr'>Graios</span> <span class='ocrx_word' id='word_1_125' title='bbox 1183 1910 1412 1975; x_wconf 85' lang='lat' dir='ltr'>iuvisset,</span> <span class='ocrx_word' id='word_1_126' title='bbox 1448 1911 1748 1980; x_wconf 84' lang='lat' dir='ltr'>rettulisset,</span> <span class='ocrx_word' id='word_1_127' title='bbox 1787 1911 1966 1966; x_wconf 87' lang='lat' dir='ltr'>Ulixes</span> <span class='ocrx_word' id='word_1_128' title='bbox 1993 1913 2207 1966; x_wconf 87' lang='lat' dir='ltr'>consilia</span> 
     </span>
     <span class='ocr_line' id='line_1_21' title="bbox 121 1996 2205 2063; baseline 0.001 -15"><span class='ocrx_word' id='word_1_129' title='bbox 121 2011 239 2059; x_wconf 88' lang='lat' dir='ltr'>sua,</span> <span class='ocrx_word' id='word_1_130' title='bbox 294 1996 483 2063; x_wconf 89' lang='lat' dir='ltr'>quibus</span> <span class='ocrx_word' id='word_1_131' title='bbox 529 2010 859 2049; x_wconf 87' lang='lat' dir='ltr'>communem</span> <span class='ocrx_word' id='word_1_132' title='bbox 906 2011 1017 2048; x_wconf 89' lang='lat' dir='ltr'>rem</span> <span class='ocrx_word' id='word_1_133' title='bbox 1082 1996 1346 2063; x_wconf 90' lang='lat' dir='ltr'>publicam</span> <span class='ocrx_word' id='word_1_134' title='bbox 1406 1996 1715 2061; x_wconf 85' lang='lat' dir='ltr'>adauxisset,</span> <span class='ocrx_word' id='word_1_135' title='bbox 1778 1997 1994 2050; x_wconf 88' lang='lat' dir='ltr'>iuvisset</span> <span class='ocrx_word' id='word_1_136' title='bbox 2048 1997 2205 2050; x_wconf 89' lang='lat' dir='ltr'>duces</span> 
     </span>
     <span class='ocr_line' id='line_1_22' title="bbox 122 2080 2203 2150; baseline 0 -18"><span class='ocrx_word' id='word_1_137' title='bbox 122 2095 341 2148; x_wconf 89' lang='lat' dir='ltr'>quoque,</span> <span class='ocrx_word' id='word_1_138' title='bbox 360 2080 636 2133; x_wconf 86' lang='lat' dir='ltr'>novissime</span> <span class='ocrx_word' id='word_1_139' title='bbox 663 2080 872 2147; x_wconf 90' lang='lat' dir='ltr'>signum</span> <span class='ocrx_word' id='word_1_140' title='bbox 891 2080 1153 2133; x_wconf 88' lang='lat' dir='ltr'>Minervae</span> <span class='ocrx_word' id='word_1_141' title='bbox 1178 2080 1350 2142; x_wconf 90' lang='lat' dir='ltr'>fatale,</span> <span class='ocrx_word' id='word_1_142' title='bbox 1378 2081 1513 2149; x_wconf 88' lang='lat' dir='ltr'>quod</span> <span class='ocrx_word' id='word_1_143' title='bbox 1538 2082 1626 2134; x_wconf 91' lang='lat' dir='ltr'>ille</span> <span class='ocrx_word' id='word_1_144' title='bbox 1652 2082 1934 2150; x_wconf 76' lang='lat' dir='ltr'>extulisset,</span> <span class='ocrx_word' id='word_1_145' title='bbox 1963 2084 2203 2137; x_wconf 76' lang='lat' dir='ltr'>ostendit.</span> 
     </span>
     <span class='ocr_line' id='line_1_23' title="bbox 122 2164 2203 2235; baseline 0.001 -18"><span class='ocrx_word' id='word_1_146' title='bbox 122 2181 225 2234; x_wconf 88' lang='lat' dir='ltr'>quo</span> <span class='ocrx_word' id='word_1_147' title='bbox 265 2164 389 2219; x_wconf 82' lang='lat' dir='ltr'>Grai</span> <span class='ocrx_word' id='word_1_148' title='bbox 431 2165 560 2218; x_wconf 87' lang='lat' dir='ltr'>moti</span> <span class='ocrx_word' id='word_1_149' title='bbox 607 2181 727 2217; x_wconf 91' lang='lat' dir='ltr'>cum</span> <span class='ocrx_word' id='word_1_150' title='bbox 775 2167 896 2218; x_wconf 89' lang='lat' dir='ltr'>ante</span> <span class='ocrx_word' id='word_1_151' title='bbox 941 2165 1224 2218; x_wconf 87' lang='lat' dir='ltr'>orationem</span> <span class='ocrx_word' id='word_1_152' title='bbox 1270 2166 1502 2218; x_wconf 91' lang='lat' dir='ltr'>eiusdem</span> <span class='ocrx_word' id='word_1_153' title='bbox 1549 2167 1772 2234; x_wconf 90' lang='lat' dir='ltr'>perculsi</span> <span class='ocrx_word' id='word_1_154' title='bbox 1808 2168 2090 2235; x_wconf 88' lang='lat' dir='ltr'>stuperent,</span> <span class='ocrx_word' id='word_1_155' title='bbox 2139 2169 2203 2221; x_wconf 91' lang='lat' dir='ltr'>ab</span> 
     </span>
     <span class='ocr_line' id='line_1_24' title="bbox 119 2250 2206 2318; baseline 0.001 -15"><span class='ocrx_word' id='word_1_156' title='bbox 119 2252 280 2304; x_wconf 89' lang='lat' dir='ltr'>Aiace</span> <span class='ocrx_word' id='word_1_157' title='bbox 341 2265 486 2303; x_wconf 88' lang='lat' dir='ltr'>arma</span> <span class='ocrx_word' id='word_1_158' title='bbox 539 2250 834 2303; x_wconf 89' lang='lat' dir='ltr'>abiudicata</span> <span class='ocrx_word' id='word_1_159' title='bbox 888 2252 1012 2303; x_wconf 92' lang='lat' dir='ltr'>sunt</span> <span class='ocrx_word' id='word_1_160' title='bbox 1067 2252 1119 2303; x_wconf 93' lang='lat' dir='ltr'>et</span> <span class='ocrx_word' id='word_1_161' title='bbox 1172 2250 1312 2305; x_wconf 92' lang='lat' dir='ltr'>Ulixi</span> <span class='ocrx_word' id='word_1_162' title='bbox 1367 2250 1501 2303; x_wconf 89' lang='lat' dir='ltr'>data.</span> <span class='ocrx_word' id='word_1_163' title='bbox 1596 2266 1698 2318; x_wconf 90' lang='lat' dir='ltr'>qua</span> <span class='ocrx_word' id='word_1_164' title='bbox 1746 2252 1834 2304; x_wconf 92' lang='lat' dir='ltr'>ille</span> <span class='ocrx_word' id='word_1_165' title='bbox 1890 2253 2206 2306; x_wconf 88' lang='lat' dir='ltr'>contumelia</span> 
     </span>
    </p>
   </div>
   <div class='ocr_carea' id='block_1_14' title="bbox 118 2394 2212 3099">
    <p class='ocr_par' dir='ltr' id='par_1_14' title="bbox 118 2394 2212 2744">
     <span class='ocr_line' id='line_1_25' title="bbox 259 2394 2206 2462; baseline 0 -13"><span class='ocrx_word' id='word_1_166' title='bbox 259 2405 386 2462; x_wconf 73' lang='lat' dir='ltr'>Inois&gt;</span> <span class='ocrx_word' id='word_1_167' title='bbox 420 2394 486 2449; x_wconf 75' lang='lat' dir='ltr'>lffi</span> <span class='ocrx_word' id='word_1_168' title='bbox 509 2422 521 2433; x_wconf 93' lang='lat'><strong>·</strong></span> <span class='ocrx_word' id='word_1_169' title='bbox 549 2404 663 2448; x_wconf 87' lang='lat' dir='ltr'><strong>XIII</strong></span> <span class='ocrx_word' id='word_1_170' title='bbox 690 2404 769 2459; x_wconf 94' lang='lat' dir='ltr'>M,</span> <span class='ocrx_word' id='word_1_171' title='bbox 801 2404 961 2460; x_wconf 89' lang='lat' dir='ltr'>Explic</span> <span class='ocrx_word' id='word_1_172' title='bbox 987 2428 992 2435; x_wconf 93' lang='lat'>·</span> <span class='ocrx_word' id='word_1_173' title='bbox 1018 2403 1082 2447; x_wconf 93' lang='lat' dir='ltr'>lib</span> <span class='ocrx_word' id='word_1_174' title='bbox 1105 2427 1116 2435; x_wconf 97' lang='lat'>-</span> <span class='ocrx_word' id='word_1_175' title='bbox 1137 2403 1254 2447; x_wconf 88' lang='lat' dir='ltr'><strong>XII·</strong></span> <span class='ocrx_word' id='word_1_176' title='bbox 1295 2404 1354 2447; x_wconf 90' lang='lat' dir='ltr'><strong><em>N</em></strong></span> <span class='ocrx_word' id='word_1_177' title='bbox 1534 2403 1563 2447; x_wconf 79' lang='lat'>2</span> <span class='ocrx_word' id='word_1_178' title='bbox 1590 2403 1764 2454; x_wconf 78' lang='lat' dir='ltr'>florem]</span> <span class='ocrx_word' id='word_1_179' title='bbox 1803 2417 2075 2461; x_wconf 87' lang='lat' dir='ltr'>purpureum</span> <span class='ocrx_word' id='word_1_180' title='bbox 2114 2406 2206 2449; x_wconf 85' lang='lat' dir='ltr'>add</span> 
     </span>
     <span class='ocr_line' id='line_1_26' title="bbox 118 2473 2206 2532; baseline 0 -12"><span class='ocrx_word' id='word_1_181' title='bbox 118 2476 255 2532; x_wconf 75' lang='lat' dir='ltr'>vulyo</span> <span class='ocrx_word' id='word_1_182' title='bbox 349 2477 380 2521; x_wconf 85' lang='lat'><strong>3</strong></span> <span class='ocrx_word' id='word_1_183' title='bbox 408 2474 552 2520; x_wconf 88' lang='lat' dir='ltr'>ecuba</span> <span class='ocrx_word' id='word_1_184' title='bbox 579 2476 652 2519; x_wconf 87' lang='grc' dir='ltr'><strong>Μ</strong></span> <span class='ocrx_word' id='word_1_185' title='bbox 760 2477 788 2519; x_wconf 82' lang='lat'>4</span> <span class='ocrx_word' id='word_1_186' title='bbox 817 2473 1143 2527; x_wconf 88' lang='lat' dir='ltr'>Memnonides]</span> <span class='ocrx_word' id='word_1_187' title='bbox 1164 2475 1229 2518; x_wconf 77' lang='lat' dir='ltr'>sic</span> <span class='ocrx_word' id='word_1_188' title='bbox 1255 2474 1330 2518; x_wconf 93' lang='lat' dir='ltr'><strong><em>M</em></strong></span> <span class='ocrx_word' id='word_1_189' title='bbox 1362 2473 1404 2518; x_wconf 94' lang='lat' dir='ltr'><strong><em>V</em></strong></span> <span class='ocrx_word' id='word_1_190' title='bbox 1496 2475 1526 2518; x_wconf 68' lang='grc' dir='ltr'>ὁ</span> <span class='ocrx_word' id='word_1_191' title='bbox 1553 2475 1771 2529; x_wconf 89' lang='lat' dir='ltr'>Anionis]</span> <span class='ocrx_word' id='word_1_192' title='bbox 1801 2476 1866 2519; x_wconf 79' lang='lat' dir='ltr'>sic</span> <span class='ocrx_word' id='word_1_193' title='bbox 1896 2476 1975 2529; x_wconf 91' lang='lat' dir='ltr'>M,</span> <span class='ocrx_word' id='word_1_194' title='bbox 2006 2476 2206 2521; x_wconf 89' lang='lat' dir='ltr'>Anienis</span> 
     </span>
     <span class='ocr_line' id='line_1_27' title="bbox 120 2544 2199 2603; baseline 0 -13"><span class='ocrx_word' id='word_1_195' title='bbox 120 2546 173 2603; x_wconf 90' lang='lat' dir='ltr'>V,</span> <span class='ocrx_word' id='word_1_196' title='bbox 204 2547 316 2590; x_wconf 89' lang='lat' dir='ltr'>Anii</span> <span class='ocrx_word' id='word_1_197' title='bbox 332 2546 462 2603; x_wconf 75' lang='lat' dir='ltr'>vulyo</span> <span class='ocrx_word' id='word_1_198' title='bbox 546 2546 577 2590; x_wconf 83' lang='lat'><strong>6</strong></span> <span class='ocrx_word' id='word_1_199' title='bbox 603 2546 724 2590; x_wconf 82' lang='lat' dir='ltr'>filias</span> <span class='ocrx_word' id='word_1_200' title='bbox 739 2546 787 2590; x_wconf 91' lang='lat' dir='ltr'>in</span> <span class='ocrx_word' id='word_1_201' title='bbox 809 2545 1078 2598; x_wconf 89' lang='lat' dir='ltr'>Coronidas]</span> <span class='ocrx_word' id='word_1_202' title='bbox 1098 2545 1162 2589; x_wconf 78' lang='lat' dir='ltr'>sic</span> <span class='ocrx_word' id='word_1_203' title='bbox 1182 2544 1252 2588; x_wconf 88' lang='lat' dir='ltr'><strong><em>M</em></strong></span> <span class='ocrx_word' id='word_1_204' title='bbox 1269 2545 1320 2598; x_wconf 88' lang='lat' dir='ltr'>V,</span> <span class='ocrx_word' id='word_1_205' title='bbox 1350 2545 1475 2590; x_wconf 83' lang='lat' dir='ltr'>filiae</span> <span class='ocrx_word' id='word_1_206' title='bbox 1493 2546 1541 2589; x_wconf 92' lang='lat' dir='ltr'>in</span> <span class='ocrx_word' id='word_1_207' title='bbox 1561 2559 1747 2590; x_wconf 86' lang='lat' dir='ltr'>coronas</span> <span class='ocrx_word' id='word_1_208' title='bbox 1767 2547 1899 2603; x_wconf 64' lang='lat' dir='ltr'>vulgo</span> <span class='ocrx_word' id='word_1_209' title='bbox 1987 2548 2070 2603; x_wconf 73' lang='lat' dir='ltr'>&#39;qu</span> <span class='ocrx_word' id='word_1_210' title='bbox 2090 2548 2199 2590; x_wconf 88' lang='lat' dir='ltr'>Am-</span> 
     </span>
     <span class='ocr_line' id='line_1_28' title="bbox 122 2614 2206 2673; baseline 0 -13"><span class='ocrx_word' id='word_1_211' title='bbox 122 2616 298 2662; x_wconf 89' lang='lat' dir='ltr'>brasius</span> <span class='ocrx_word' id='word_1_212' title='bbox 320 2617 619 2673; x_wconf 88' lang='lat' dir='ltr'>(Ambraxius</span> <span class='ocrx_word' id='word_1_213' title='bbox 640 2617 703 2668; x_wconf 85' lang='lat' dir='ltr'>V)</span> <span class='ocrx_word' id='word_1_214' title='bbox 732 2616 895 2660; x_wconf 80' lang='lat' dir='ltr'>insaxu</span> <span class='ocrx_word' id='word_1_215' title='bbox 926 2614 968 2658; x_wconf 82' lang='lat'>&amp;</span> <span class='ocrx_word' id='word_1_216' title='bbox 988 2615 1171 2660; x_wconf 90' lang='lat' dir='ltr'>molossi</span> <span class='ocrx_word' id='word_1_217' title='bbox 1202 2615 1398 2669; x_wconf 90' lang='lat' dir='ltr'>(Molosii</span> <span class='ocrx_word' id='word_1_218' title='bbox 1419 2616 1481 2668; x_wconf 88' lang='lat' dir='ltr'>V)</span> <span class='ocrx_word' id='word_1_219' title='bbox 1510 2615 1596 2659; x_wconf 88' lang='lat' dir='ltr'>filii</span> <span class='ocrx_word' id='word_1_220' title='bbox 1623 2617 1782 2661; x_wconf 88' lang='lat' dir='ltr'>inaues</span> <span class='ocrx_word' id='word_1_221' title='bbox 1810 2618 1882 2660; x_wconf 90' lang='lat' dir='ltr'><strong><em>M</em></strong></span> <span class='ocrx_word' id='word_1_222' title='bbox 1898 2618 1952 2671; x_wconf 88' lang='lat' dir='ltr'>V,</span> <span class='ocrx_word' id='word_1_223' title='bbox 1981 2618 2059 2661; x_wconf 90' lang='lat' dir='ltr'><strong>VI.</strong></span> <span class='ocrx_word' id='word_1_224' title='bbox 2090 2618 2206 2662; x_wconf 92' lang='lat' dir='ltr'>Am-</span> 
     </span>
     <span class='ocr_line' id='line_1_29' title="bbox 120 2685 2212 2744; baseline -0 -12"><span class='ocrx_word' id='word_1_225' title='bbox 120 2687 296 2733; x_wconf 88' lang='lat' dir='ltr'>bracius</span> <span class='ocrx_word' id='word_1_226' title='bbox 324 2688 372 2732; x_wconf 88' lang='lat' dir='ltr'>in</span> <span class='ocrx_word' id='word_1_227' title='bbox 401 2701 574 2732; x_wconf 89' lang='lat' dir='ltr'>saxum.</span> <span class='ocrx_word' id='word_1_228' title='bbox 619 2686 720 2731; x_wconf 88' lang='lat' dir='ltr'>VH.</span> <span class='ocrx_word' id='word_1_229' title='bbox 758 2685 947 2730; x_wconf 84' lang='lat' dir='ltr'>Molossi</span> <span class='ocrx_word' id='word_1_230' title='bbox 989 2685 1075 2730; x_wconf 85' lang='lat' dir='ltr'>filii</span> <span class='ocrx_word' id='word_1_231' title='bbox 1118 2686 1166 2730; x_wconf 91' lang='lat' dir='ltr'>in</span> <span class='ocrx_word' id='word_1_232' title='bbox 1210 2699 1319 2731; x_wconf 89' lang='lat' dir='ltr'>aues</span> <span class='ocrx_word' id='word_1_233' title='bbox 1361 2685 1585 2731; x_wconf 77' lang='lat' dir='ltr'>Muneker</span> <span class='ocrx_word' id='word_1_234' title='bbox 1620 2687 1752 2744; x_wconf 66' lang='lat' dir='ltr'>vulgo</span> <span class='ocrx_word' id='word_1_235' title='bbox 1866 2688 1895 2732; x_wconf 91' lang='lat'>8</span> <span class='ocrx_word' id='word_1_236' title='bbox 1923 2687 2109 2733; x_wconf 87' lang='lat' dir='ltr'>flumem</span> <span class='ocrx_word' id='word_1_237' title='bbox 2140 2688 2212 2731; x_wconf 93' lang='lat' dir='ltr'><strong><em>M</em></strong></span> 
     </span>
    </p>

    <p class='ocr_par' dir='ltr' id='par_1_15' title="bbox 121 2757 2208 3099">
     <span class='ocr_line' id='line_1_30' title="bbox 260 2757 2203 2816; baseline 0.001 -14"><span class='ocrx_word' id='word_1_238' title='bbox 260 2759 339 2816; x_wconf 77' lang='lat' dir='ltr'>fab</span> <span class='ocrx_word' id='word_1_239' title='bbox 368 2759 405 2802; x_wconf 97' lang='lat' dir='ltr'>I</span> <span class='ocrx_word' id='word_1_240' title='bbox 442 2758 572 2802; x_wconf 78' lang='lat' dir='ltr'>nullo</span> <span class='ocrx_word' id='word_1_241' title='bbox 615 2758 751 2802; x_wconf 77' lang='lat' dir='ltr'>titulo</span> <span class='ocrx_word' id='word_1_242' title='bbox 785 2758 1045 2813; x_wconf 75' lang='lat' dir='ltr'>praeposito</span> <span class='ocrx_word' id='word_1_243' title='bbox 1089 2757 1294 2813; x_wconf 78' lang='lat' dir='ltr'>sequitur</span> <span class='ocrx_word' id='word_1_244' title='bbox 1332 2758 1490 2802; x_wconf 78' lang='lat' dir='ltr'>titulos</span> <span class='ocrx_word' id='word_1_245' title='bbox 1529 2758 1634 2802; x_wconf 69' lang='lat' dir='ltr'>libri</span> <span class='ocrx_word' id='word_1_246' title='bbox 1670 2757 1808 2802; x_wconf 87' lang='lat' dir='ltr'><strong>XIII</strong></span> <span class='ocrx_word' id='word_1_247' title='bbox 1838 2759 1909 2802; x_wconf 94' lang='lat' dir='ltr'><strong><em>M</em></strong></span> <span class='ocrx_word' id='word_1_248' title='bbox 2062 2759 2120 2804; x_wconf 92' lang='grc'>10</span> <span class='ocrx_word' id='word_1_249' title='bbox 2148 2759 2203 2803; x_wconf 88' lang='lat' dir='ltr'>al.</span> 
     </span>
     <span class='ocr_line' id='line_1_31' title="bbox 122 2827 2208 2886; baseline 0.001 -14"><span class='ocrx_word' id='word_1_250' title='bbox 122 2829 247 2874; x_wconf 90' lang='lat' dir='ltr'>socio</span> <span class='ocrx_word' id='word_1_251' title='bbox 278 2842 402 2874; x_wconf 89' lang='lat' dir='ltr'>arma</span> <span class='ocrx_word' id='word_1_252' title='bbox 431 2830 483 2873; x_wconf 87' lang='lat' dir='ltr'><em>N</em></span> <span class='ocrx_word' id='word_1_253' title='bbox 593 2831 643 2873; x_wconf 91' lang='lat'>11</span> <span class='ocrx_word' id='word_1_254' title='bbox 677 2828 925 2884; x_wconf 88' lang='lat' dir='ltr'>patruhelis</span> <span class='ocrx_word' id='word_1_255' title='bbox 955 2828 1007 2872; x_wconf 87' lang='lat' dir='ltr'><em>N</em></span> <span class='ocrx_word' id='word_1_256' title='bbox 1023 2829 1039 2884; x_wconf 91' lang='grc'>11</span> <span class='ocrx_word' id='word_1_257' title='bbox 1061 2828 1181 2873; x_wconf 88' lang='lat' dir='ltr'>ulixe</span> <span class='ocrx_word' id='word_1_258' title='bbox 1217 2827 1274 2884; x_wconf 90' lang='grc' dir='ltr'>Ο,</span> <span class='ocrx_word' id='word_1_259' title='bbox 1306 2828 1470 2886; x_wconf 89' lang='lat' dir='ltr'>Ulysse</span> <span class='ocrx_word' id='word_1_260' title='bbox 1499 2830 1546 2876; x_wconf 95' lang='lat' dir='ltr'><strong><em>V</em></strong></span> <span class='ocrx_word' id='word_1_261' title='bbox 1568 2829 1701 2886; x_wconf 75' lang='lat' dir='ltr'>vulyo</span> <span class='ocrx_word' id='word_1_262' title='bbox 1724 2830 1738 2886; x_wconf 90' lang='grc'>11</span> <span class='ocrx_word' id='word_1_263' title='bbox 1760 2831 1903 2884; x_wconf 87' lang='lat' dir='ltr'>cons(i</span> <span class='ocrx_word' id='word_1_264' title='bbox 1925 2844 1984 2875; x_wconf 81' lang='lat' dir='ltr'>ex</span> <span class='ocrx_word' id='word_1_265' title='bbox 2005 2830 2115 2884; x_wconf 92' lang='lat' dir='ltr'>o)lio</span> <span class='ocrx_word' id='word_1_266' title='bbox 2136 2831 2208 2874; x_wconf 91' lang='lat' dir='ltr'><strong><em>M</em></strong></span> 
     </span>
     <span class='ocr_line' id='line_1_32' title="bbox 121 2899 2205 2957; baseline 0 -13"><span class='ocrx_word' id='word_1_267' title='bbox 121 2901 176 2944; x_wconf 83' lang='lat'>12</span> <span class='ocrx_word' id='word_1_268' title='bbox 206 2899 427 2945; x_wconf 87' lang='lat' dir='ltr'>indicaret</span> <span class='ocrx_word' id='word_1_269' title='bbox 450 2899 496 2942; x_wconf 90' lang='lat' dir='ltr'><strong><em>O</em></strong></span> <span class='ocrx_word' id='word_1_270' title='bbox 525 2900 578 2954; x_wconf 89' lang='lat' dir='ltr'>V,</span> <span class='ocrx_word' id='word_1_271' title='bbox 608 2899 828 2944; x_wconf 87' lang='lat' dir='ltr'>iudicaret</span> <span class='ocrx_word' id='word_1_272' title='bbox 855 2900 986 2956; x_wconf 74' lang='lat' dir='ltr'>vulyo</span> <span class='ocrx_word' id='word_1_273' title='bbox 1027 2900 1042 2955; x_wconf 94' lang='grc'>11</span> <span class='ocrx_word' id='word_1_274' title='bbox 1082 2899 1321 2957; x_wconf 68' lang='grc' dir='ltr'><strong>11111118ᾷ(ᾷ</strong></span> <span class='ocrx_word' id='word_1_275' title='bbox 1339 2920 1394 2935; x_wconf 94' lang='lat'><strong><em>=</em></strong></span> <span class='ocrx_word' id='word_1_276' title='bbox 1416 2904 1549 2957; x_wconf 90' lang='lat' dir='ltr'>quae)</span> <span class='ocrx_word' id='word_1_277' title='bbox 1569 2914 1625 2944; x_wconf 78' lang='lat' dir='ltr'>eoe</span> <span class='ocrx_word' id='word_1_278' title='bbox 1646 2901 1883 2957; x_wconf 89' lang='lat' dir='ltr'>utriusque</span> <span class='ocrx_word' id='word_1_279' title='bbox 1910 2901 1968 2944; x_wconf 89' lang='lat' dir='ltr'><strong><em>N</em></strong></span> <span class='ocrx_word' id='word_1_280' title='bbox 2000 2902 2016 2956; x_wconf 91' lang='grc'>11</span> <span class='ocrx_word' id='word_1_281' title='bbox 2056 2905 2205 2957; x_wconf 87' lang='lat' dir='ltr'>gesta]</span> 
     </span>
     <span class='ocr_line' id='line_1_33' title="bbox 121 2970 2204 3028; baseline 0.001 -14"><span class='ocrx_word' id='word_1_282' title='bbox 121 2970 282 3014; x_wconf 89' lang='lat' dir='ltr'>merita</span> <span class='ocrx_word' id='word_1_283' title='bbox 309 2971 370 3014; x_wconf 94' lang='lat' dir='ltr'><strong><em>N</em></strong></span> <span class='ocrx_word' id='word_1_284' title='bbox 385 2972 400 3025; x_wconf 89' lang='grc'>11</span> <span class='ocrx_word' id='word_1_285' title='bbox 422 2983 492 3014; x_wconf 84' lang='lat' dir='ltr'>res</span> <span class='ocrx_word' id='word_1_286' title='bbox 521 2975 678 3026; x_wconf 81' lang='lat' dir='ltr'>gestae</span> <span class='ocrx_word' id='word_1_287' title='bbox 706 2972 755 3014; x_wconf 92' lang='lat' dir='ltr'>in</span> <span class='ocrx_word' id='word_1_288' title='bbox 788 2970 906 3016; x_wconf 92' lang='lat' dir='ltr'>bello</span> <span class='ocrx_word' id='word_1_289' title='bbox 944 2970 988 3016; x_wconf 94' lang='lat' dir='ltr'><strong><em>V</em></strong></span> <span class='ocrx_word' id='word_1_290' title='bbox 1109 2971 1168 3016; x_wconf 83' lang='lat'>13</span> <span class='ocrx_word' id='word_1_291' title='bbox 1194 2971 1548 3028; x_wconf 88' lang='lat' dir='ltr'>perpenderetur</span> <span class='ocrx_word' id='word_1_292' title='bbox 1565 2972 1627 3016; x_wconf 95' lang='lat' dir='ltr'><strong><em>N</em></strong></span> <span class='ocrx_word' id='word_1_293' title='bbox 1734 2973 1791 3016; x_wconf 78' lang='lat'>14</span> <span class='ocrx_word' id='word_1_294' title='bbox 1820 2984 2034 3016; x_wconf 89' lang='lat' dir='ltr'>consessu</span> <span class='ocrx_word' id='word_1_295' title='bbox 2050 2971 2204 3016; x_wconf 81' lang='lat' dir='ltr'>Burm</span> 
     </span>
     <span class='ocr_line' id='line_1_34' title="bbox 121 3040 2204 3099; baseline 0 -13"><span class='ocrx_word' id='word_1_296' title='bbox 121 3040 179 3086; x_wconf 82' lang='lat'>15</span> <span class='ocrx_word' id='word_1_297' title='bbox 207 3040 422 3087; x_wconf 87' lang='lat' dir='ltr'>virtutem</span> <span class='ocrx_word' id='word_1_298' title='bbox 452 3054 592 3095; x_wconf 90' lang='lat' dir='ltr'>suam,</span> <span class='ocrx_word' id='word_1_299' title='bbox 624 3041 803 3098; x_wconf 88' lang='lat' dir='ltr'>quibus]</span> <span class='ocrx_word' id='word_1_300' title='bbox 832 3042 897 3086; x_wconf 78' lang='lat' dir='ltr'>sic</span> <span class='ocrx_word' id='word_1_301' title='bbox 924 3041 1021 3098; x_wconf 83' lang='lat' dir='ltr'>fere</span> <span class='ocrx_word' id='word_1_302' title='bbox 1048 3042 1129 3097; x_wconf 94' lang='lat' dir='ltr'>M,</span> <span class='ocrx_word' id='word_1_303' title='bbox 1164 3042 1330 3098; x_wconf 88' lang='lat' dir='ltr'>quibus</span> <span class='ocrx_word' id='word_1_304' title='bbox 1358 3041 1495 3087; x_wconf 90' lang='lat' dir='ltr'>rebus</span> <span class='ocrx_word' id='word_1_305' title='bbox 1523 3043 1686 3086; x_wconf 86' lang='lat' dir='ltr'>malim</span> <span class='ocrx_word' id='word_1_306' title='bbox 1732 3043 1747 3099; x_wconf 76' lang='lat' dir='ltr'>u</span> <span class='ocrx_word' id='word_1_307' title='bbox 1786 3045 1954 3087; x_wconf 73' lang='lat' dir='ltr'>uirtute</span> <span class='ocrx_word' id='word_1_308' title='bbox 1985 3049 2067 3088; x_wconf 76' lang='grc'><strong>8115,</strong></span> <span class='ocrx_word' id='word_1_309' title='bbox 2098 3044 2204 3096; x_wconf 82' lang='lat' dir='ltr'>(vir-</span> 
     </span>
    </p>
   </div>
   <div class='ocr_carea' id='block_1_15' title="bbox 121 3114 2202 3230">
    <p class='ocr_par' dir='ltr' id='par_1_16' title="bbox 121 3114 2202 3230">
     <span class='ocr_line' id='line_1_35' title="bbox 121 3114 2202 3230; baseline 0 -31"><span class='ocrx_word' id='word_1_310' title='bbox 121 3155 256 3211; x_wconf 72' lang='lat' dir='ltr'>qulac</span> <span class='ocrx_word' id='word_1_311' title='bbox 275 3155 526 3211; x_wconf 77' lang='lat' dir='ltr'>pallidiore</span> <span class='ocrx_word' id='word_1_312' title='bbox 553 3157 706 3199; x_wconf 81' lang='lat' dir='ltr'>atram</span> <span class='ocrx_word' id='word_1_313' title='bbox 744 3155 927 3199; x_wconf 79' lang='lat' dir='ltr'>additae</span> <span class='ocrx_word' id='word_1_314' title='bbox 964 3156 1191 3209; x_wconf 79' lang='lat' dir='ltr'>videntur)</span> <span class='ocrx_word' id='word_1_315' title='bbox 1219 3114 1320 3230; x_wconf 60' lang='lat' dir='ltr'>‹32sp</span> <span class='ocrx_word' id='word_1_316' title='bbox 1349 3156 1370 3199; x_wconf 94' lang='lat' dir='ltr'>i</span> <span class='ocrx_word' id='word_1_317' title='bbox 1396 3169 1423 3199; x_wconf 91' lang='lat' dir='ltr'>r</span> <span class='ocrx_word' id='word_1_318' title='bbox 1451 3170 1507 3199; x_wconf 72' lang='grc' dir='ltr'>εει)</span> <span class='ocrx_word' id='word_1_319' title='bbox 1536 3169 1649 3209; x_wconf 84' lang='lat' dir='ltr'>corr,</span> <span class='ocrx_word' id='word_1_320' title='bbox 1677 3164 1799 3227; x_wconf 60' lang='lat' dir='ltr'>{lper</span> <span class='ocrx_word' id='word_1_321' title='bbox 1818 3171 1895 3202; x_wconf 78' lang='lat' dir='ltr'>ras</span> <span class='ocrx_word' id='word_1_322' title='bbox 1916 3172 1972 3202; x_wconf 64' lang='grc' dir='ltr'>εει·</span> <span class='ocrx_word' id='word_1_323' title='bbox 1991 3172 2030 3214; x_wconf 79' lang='lat' dir='ltr'><strong><em>q,</em></strong></span> <span class='ocrx_word' id='word_1_324' title='bbox 2053 3159 2108 3202; x_wconf 80' lang='lat' dir='ltr'>ut</span> <span class='ocrx_word' id='word_1_325' title='bbox 2123 3156 2202 3212; x_wconf 80' lang='lat' dir='ltr'>qb:</span> 
     </span>
    </p>
   </div>
   <div class='ocr_carea' id='block_1_16' title="bbox 121 3238 2215 3791">
    <p class='ocr_par' dir='ltr' id='par_1_17' title="bbox 121 3238 2215 3791">
     <span class='ocr_line' id='line_1_36' title="bbox 121 3238 2207 3298; baseline 0.001 -15"><span class='ocrx_word' id='word_1_326' title='bbox 121 3239 142 3283; x_wconf 87' lang='lat' dir='ltr'>i</span> <span class='ocrx_word' id='word_1_327' title='bbox 169 3253 192 3283; x_wconf 87' lang='lat' dir='ltr'>e</span> <span class='ocrx_word' id='word_1_328' title='bbox 221 3239 386 3296; x_wconf 89' lang='lat' dir='ltr'>quibus</span> <span class='ocrx_word' id='word_1_329' title='bbox 414 3239 624 3284; x_wconf 81' lang='lat' dir='ltr'>videatur</span> <span class='ocrx_word' id='word_1_330' title='bbox 643 3238 801 3296; x_wconf 83' lang='lat' dir='ltr'>fuisse)</span> <span class='ocrx_word' id='word_1_331' title='bbox 832 3239 984 3296; x_wconf 79' lang='lat' dir='ltr'>graios</span> <span class='ocrx_word' id='word_1_332' title='bbox 1011 3239 1204 3285; x_wconf 86' lang='lat' dir='ltr'>uixisset</span> <span class='ocrx_word' id='word_1_333' title='bbox 1234 3241 1311 3294; x_wconf 91' lang='lat' dir='ltr'>M,</span> <span class='ocrx_word' id='word_1_334' title='bbox 1355 3241 1547 3285; x_wconf 83' lang='lat' dir='ltr'>uirtutes</span> <span class='ocrx_word' id='word_1_335' title='bbox 1584 3255 1691 3286; x_wconf 88' lang='lat' dir='ltr'>suas</span> <span class='ocrx_word' id='word_1_336' title='bbox 1722 3254 1832 3298; x_wconf 88' lang='lat' dir='ltr'>quas</span> <span class='ocrx_word' id='word_1_337' title='bbox 1863 3243 1986 3298; x_wconf 88' lang='lat' dir='ltr'>grais</span> <span class='ocrx_word' id='word_1_338' title='bbox 2014 3243 2207 3286; x_wconf 87' lang='lat' dir='ltr'>iuuisset</span> 
     </span>
     <span class='ocr_line' id='line_1_37' title="bbox 121 3309 2213 3368; baseline 0.001 -15"><span class='ocrx_word' id='word_1_339' title='bbox 121 3310 184 3363; x_wconf 91' lang='lat' dir='ltr'>N,</span> <span class='ocrx_word' id='word_1_340' title='bbox 220 3310 413 3354; x_wconf 85' lang='lat' dir='ltr'>uirtutes</span> <span class='ocrx_word' id='word_1_341' title='bbox 443 3323 560 3362; x_wconf 90' lang='lat' dir='ltr'>suas,</span> <span class='ocrx_word' id='word_1_342' title='bbox 601 3309 766 3366; x_wconf 86' lang='lat' dir='ltr'>quibus</span> <span class='ocrx_word' id='word_1_343' title='bbox 804 3309 1001 3355; x_wconf 82' lang='lat' dir='ltr'>Graecos</span> <span class='ocrx_word' id='word_1_344' title='bbox 1039 3311 1212 3367; x_wconf 89' lang='lat' dir='ltr'>(graios</span> <span class='ocrx_word' id='word_1_345' title='bbox 1250 3311 1307 3367; x_wconf 92' lang='lat' dir='ltr'>V)</span> <span class='ocrx_word' id='word_1_346' title='bbox 1336 3311 1531 3356; x_wconf 90' lang='lat' dir='ltr'>iuuisset</span> <span class='ocrx_word' id='word_1_347' title='bbox 1568 3310 1610 3356; x_wconf 93' lang='lat' dir='ltr'><strong><em>V</em></strong></span> <span class='ocrx_word' id='word_1_348' title='bbox 1631 3312 1765 3368; x_wconf 74' lang='lat' dir='ltr'>vulyo</span> <span class='ocrx_word' id='word_1_349' title='bbox 1818 3313 1834 3367; x_wconf 93' lang='grc'>11</span> <span class='ocrx_word' id='word_1_350' title='bbox 1882 3311 2131 3356; x_wconf 86' lang='lat' dir='ltr'>rettulisset</span> <span class='ocrx_word' id='word_1_351' title='bbox 2157 3311 2213 3355; x_wconf 96' lang='lat' dir='ltr'><strong><em>N</em></strong></span> 
     </span>
     <span class='ocr_line' id='line_1_38' title="bbox 133 3379 2207 3438; baseline 0 -14"><span class='ocrx_word' id='word_1_352' title='bbox 133 3379 182 3434; x_wconf 91' lang='lat' dir='ltr'>V,</span> <span class='ocrx_word' id='word_1_353' title='bbox 212 3380 442 3425; x_wconf 88' lang='lat' dir='ltr'>retulisset</span> <span class='ocrx_word' id='word_1_354' title='bbox 469 3381 535 3423; x_wconf 92' lang='lat' dir='ltr'><strong><em>M</em></strong></span> <span class='ocrx_word' id='word_1_355' title='bbox 679 3381 736 3425; x_wconf 85' lang='grc'>16</span> <span class='ocrx_word' id='word_1_356' title='bbox 764 3393 878 3425; x_wconf 91' lang='lat' dir='ltr'>com.</span> <span class='ocrx_word' id='word_1_357' title='bbox 909 3394 1003 3425; x_wconf 91' lang='lat' dir='ltr'>rem</span> <span class='ocrx_word' id='word_1_358' title='bbox 1034 3381 1275 3438; x_wconf 87' lang='lat' dir='ltr'>(publicam</span> <span class='ocrx_word' id='word_1_359' title='bbox 1302 3387 1390 3435; x_wconf 83' lang='lat' dir='ltr'>om)</span> <span class='ocrx_word' id='word_1_360' title='bbox 1419 3381 1476 3426; x_wconf 84' lang='lat' dir='ltr'>ecl</span> <span class='ocrx_word' id='word_1_361' title='bbox 1509 3381 1648 3426; x_wconf 84' lang='lat' dir='ltr'>Colon</span> <span class='ocrx_word' id='word_1_362' title='bbox 1678 3385 1722 3427; x_wconf 78' lang='lat' dir='ltr'>et</span> <span class='ocrx_word' id='word_1_363' title='bbox 1749 3397 1806 3426; x_wconf 77' lang='lat' dir='ltr'>ea:</span> <span class='ocrx_word' id='word_1_364' title='bbox 1833 3383 1938 3426; x_wconf 84' lang='lat' dir='ltr'>coni</span> <span class='ocrx_word' id='word_1_365' title='bbox 1964 3381 2207 3437; x_wconf 79' lang='lat' dir='ltr'>Muncker,</span> 
     </span>
     <span class='ocr_line' id='line_1_39' title="bbox 122 3450 2215 3509; baseline 0 -14"><span class='ocrx_word' id='word_1_366' title='bbox 122 3451 200 3495; x_wconf 78' lang='lat' dir='ltr'>secl</span> <span class='ocrx_word' id='word_1_367' title='bbox 227 3450 282 3507; x_wconf 81' lang='lat' dir='ltr'>cf</span> <span class='ocrx_word' id='word_1_368' title='bbox 304 3454 397 3496; x_wconf 74' lang='lat' dir='ltr'>met</span> <span class='ocrx_word' id='word_1_369' title='bbox 423 3451 566 3495; x_wconf 82' lang='lat' dir='ltr'><strong>XIII</strong></span> <span class='ocrx_word' id='word_1_370' title='bbox 593 3451 678 3496; x_wconf 80' lang='lat'>199</span> <span class='ocrx_word' id='word_1_371' title='bbox 718 3451 731 3505; x_wconf 89' lang='grc'>11</span> <span class='ocrx_word' id='word_1_372' title='bbox 769 3450 1044 3504; x_wconf 85' lang='lat' dir='ltr'>adauxisset]</span> <span class='ocrx_word' id='word_1_373' title='bbox 1074 3451 1160 3496; x_wconf 80' lang='lat' dir='ltr'>huc</span> <span class='ocrx_word' id='word_1_374' title='bbox 1180 3453 1458 3508; x_wconf 80' lang='lat' dir='ltr'>transposui,</span> <span class='ocrx_word' id='word_1_375' title='bbox 1479 3455 1591 3508; x_wconf 79' lang='lat' dir='ltr'>post</span> <span class='ocrx_word' id='word_1_376' title='bbox 1619 3465 1802 3509; x_wconf 89' lang='lat' dir='ltr'>quoque</span> <span class='ocrx_word' id='word_1_377' title='bbox 1831 3455 1900 3497; x_wconf 81' lang='lat' dir='ltr'>est</span> <span class='ocrx_word' id='word_1_378' title='bbox 1926 3453 1978 3496; x_wconf 83' lang='lat' dir='ltr'>in</span> <span class='ocrx_word' id='word_1_379' title='bbox 2010 3452 2056 3496; x_wconf 89' lang='grc'><strong>0</strong></span> <span class='ocrx_word' id='word_1_380' title='bbox 2083 3452 2132 3506; x_wconf 88' lang='lat' dir='ltr'>V,</span> <span class='ocrx_word' id='word_1_381' title='bbox 2161 3453 2215 3509; x_wconf 80' lang='lat' dir='ltr'>cf</span> 
     </span>
     <span class='ocr_line' id='line_1_40' title="bbox 125 3522 2206 3580; baseline 0.001 -14"><span class='ocrx_word' id='word_1_382' title='bbox 125 3524 279 3566; x_wconf 77' lang='lat' dir='ltr'>notam</span> <span class='ocrx_word' id='word_1_383' title='bbox 306 3524 563 3579; x_wconf 78' lang='lat' dir='ltr'>proximam</span> <span class='ocrx_word' id='word_1_384' title='bbox 667 3523 777 3577; x_wconf 74' lang='lat' dir='ltr'>fflsq</span> <span class='ocrx_word' id='word_1_385' title='bbox 808 3522 1068 3567; x_wconf 84' lang='lat' dir='ltr'>adauxisset</span> <span class='ocrx_word' id='word_1_386' title='bbox 1095 3523 1175 3579; x_wconf 92' lang='lat' dir='ltr'>M,</span> <span class='ocrx_word' id='word_1_387' title='bbox 1206 3524 1406 3568; x_wconf 88' lang='lat' dir='ltr'>auxisset</span> <span class='ocrx_word' id='word_1_388' title='bbox 1433 3524 1495 3577; x_wconf 89' lang='lat' dir='ltr'>N,</span> <span class='ocrx_word' id='word_1_389' title='bbox 1526 3523 1791 3568; x_wconf 88' lang='lat' dir='ltr'>adduxisset</span> <span class='ocrx_word' id='word_1_390' title='bbox 1835 3523 1872 3568; x_wconf 91' lang='lat' dir='ltr'><strong><em>V</em></strong></span> <span class='ocrx_word' id='word_1_391' title='bbox 1893 3523 2027 3580; x_wconf 71' lang='lat' dir='ltr'>vulyo</span> <span class='ocrx_word' id='word_1_392' title='bbox 2071 3524 2086 3578; x_wconf 94' lang='grc'>11</span> <span class='ocrx_word' id='word_1_393' title='bbox 2125 3524 2206 3568; x_wconf 92' lang='lat' dir='ltr'>du-</span> 
     </span>
     <span class='ocr_line' id='line_1_41' title="bbox 123 3592 2204 3649; baseline 0.001 -13"><span class='ocrx_word' id='word_1_394' title='bbox 123 3605 311 3649; x_wconf 87' lang='lat' dir='ltr'>cemque</span> <span class='ocrx_word' id='word_1_395' title='bbox 340 3592 601 3637; x_wconf 87' lang='lat' dir='ltr'>adduxisset</span> <span class='ocrx_word' id='word_1_396' title='bbox 630 3592 868 3642; x_wconf 80' lang='lat' dir='ltr'>(Achillem</span> <span class='ocrx_word' id='word_1_397' title='bbox 897 3599 957 3645; x_wconf 78' lang='lat' dir='ltr'>se)</span> <span class='ocrx_word' id='word_1_398' title='bbox 987 3594 1041 3636; x_wconf 86' lang='lat' dir='ltr'>ed</span> <span class='ocrx_word' id='word_1_399' title='bbox 1072 3593 1212 3639; x_wconf 78' lang='lat' dir='ltr'>Oolon</span> <span class='ocrx_word' id='word_1_400' title='bbox 1398 3595 1452 3639; x_wconf 82' lang='lat'>17</span> <span class='ocrx_word' id='word_1_401' title='bbox 1483 3593 1718 3638; x_wconf 88' lang='lat' dir='ltr'>extulisset</span> <span class='ocrx_word' id='word_1_402' title='bbox 1753 3594 1825 3637; x_wconf 93' lang='lat' dir='ltr'><strong><em>M</em></strong></span> <span class='ocrx_word' id='word_1_403' title='bbox 1865 3593 1908 3647; x_wconf 90' lang='lat' dir='ltr'>V,</span> <span class='ocrx_word' id='word_1_404' title='bbox 1953 3593 2115 3638; x_wconf 91' lang='lat' dir='ltr'>extulit</span> <span class='ocrx_word' id='word_1_405' title='bbox 2144 3594 2204 3648; x_wconf 93' lang='lat' dir='ltr'>N,</span> 
     </span>
     <span class='ocr_line' id='line_1_42' title="bbox 123 3661 2205 3721; baseline 0.003 -16"><span class='ocrx_word' id='word_1_406' title='bbox 123 3661 379 3707; x_wconf 84' lang='lat' dir='ltr'>sustulisset</span> <span class='ocrx_word' id='word_1_407' title='bbox 407 3663 538 3720; x_wconf 75' lang='lat' dir='ltr'>vulyo</span> <span class='ocrx_word' id='word_1_408' title='bbox 652 3664 764 3718; x_wconf 76' lang='lat' dir='ltr'>lssq</span> <span class='ocrx_word' id='word_1_409' title='bbox 796 3676 1003 3720; x_wconf 85' lang='lat' dir='ltr'>quogray</span> <span class='ocrx_word' id='word_1_410' title='bbox 1031 3662 1085 3707; x_wconf 95' lang='lat' dir='ltr'><strong><em>N</em></strong></span> <span class='ocrx_word' id='word_1_411' title='bbox 1127 3665 1141 3719; x_wconf 94' lang='grc'>11</span> <span class='ocrx_word' id='word_1_412' title='bbox 1185 3666 1435 3709; x_wconf 87' lang='lat' dir='ltr'>orationem</span> <span class='ocrx_word' id='word_1_413' title='bbox 1473 3664 1519 3708; x_wconf 90' lang='grc'>0</span> <span class='ocrx_word' id='word_1_414' title='bbox 1548 3664 1784 3721; x_wconf 72' lang='grc' dir='ltr'><em>Μαηολσεν,</em></span> <span class='ocrx_word' id='word_1_415' title='bbox 1825 3666 1999 3710; x_wconf 77' lang='lat' dir='ltr'>oratioe</span> <span class='ocrx_word' id='word_1_416' title='bbox 2029 3665 2122 3718; x_wconf 79' lang='lat' dir='ltr'>(sic)</span> <span class='ocrx_word' id='word_1_417' title='bbox 2153 3664 2205 3721; x_wconf 94' lang='lat' dir='ltr'><strong><em>V,</em></strong></span> 
     </span>
     <span class='ocr_line' id='line_1_43' title="bbox 124 3731 1993 3791; baseline 0.002 -15"><span class='ocrx_word' id='word_1_418' title='bbox 124 3731 331 3777; x_wconf 88' lang='lat' dir='ltr'>oratione</span> <span class='ocrx_word' id='word_1_419' title='bbox 359 3733 492 3790; x_wconf 64' lang='lat' dir='ltr'>vulgo</span> <span class='ocrx_word' id='word_1_420' title='bbox 556 3734 571 3789; x_wconf 91' lang='grc'>11</span> <span class='ocrx_word' id='word_1_421' title='bbox 636 3733 692 3778; x_wconf 94' lang='lat' dir='ltr'>ob</span> <span class='ocrx_word' id='word_1_422' title='bbox 737 3734 861 3778; x_wconf 84' lang='lat' dir='ltr'>aiace</span> <span class='ocrx_word' id='word_1_423' title='bbox 904 3734 975 3777; x_wconf 93' lang='lat' dir='ltr'><strong><em>M</em></strong></span> <span class='ocrx_word' id='word_1_424' title='bbox 1116 3735 1170 3779; x_wconf 79' lang='lat'>19</span> <span class='ocrx_word' id='word_1_425' title='bbox 1213 3749 1290 3779; x_wconf 86' lang='lat' dir='ltr'>ara.</span> <span class='ocrx_word' id='word_1_426' title='bbox 1327 3734 1574 3779; x_wconf 88' lang='lat' dir='ltr'>diiudicata</span> <span class='ocrx_word' id='word_1_427' title='bbox 1615 3735 1667 3778; x_wconf 91' lang='lat' dir='ltr'><strong><em>N</em></strong></span> <span class='ocrx_word' id='word_1_428' title='bbox 1711 3736 1726 3791; x_wconf 93' lang='grc'>11</span> <span class='ocrx_word' id='word_1_429' title='bbox 1781 3735 1902 3780; x_wconf 88' lang='lat' dir='ltr'>ulixe</span> <span class='ocrx_word' id='word_1_430' title='bbox 1940 3735 1993 3779; x_wconf 91' lang='lat' dir='ltr'><strong><em>N</em></strong></span> 
     </span>
    </p>
   </div>
  </div>
 </body>
</html>
