2580 4088
395 238 496 286 658
908 236 1132 282 Lactantii
1161 233 1333 279 Placidi
1366 233 1444 290 qui
1474 233 1639 278 dicitur
1665 236 1960 280 narrationes.

199 391 280 441 fab
308 387 369 430 10
397 381 565 435 feram
616 379 869 434 convertit
1078 378 1238 441 Pieri,
1277 377 1366 445 qui
1419 376 1780 430 Macedoniam
1833 378 2077 446 possedit,
2137 379 2191 432 et
2248 379 2475 449 Euippes
2560 398 2565 434 3

279 445 343 498 (5)
398 482 585 520 novem
629 465 765 518 filiae
810 463 1116 517 insolentius
1154 462 1280 515 dum
1317 461 1623 529 gloriantur,
1674 477 1853 516 musas
1887 464 1944 515 in
1981 464 2267 517 certamina
2300 480 2479 534 provo-

394 551 641 605 caverunt
678 551 878 603 cantus
934 563 1155 615 quarum
1190 563 1297 600 una
1333 562 1544 599 carmen
1580 562 1759 600 exorsa
1795 549 1889 613 est,
1929 548 2067 615 quod
2102 548 2355 616 Gigantes
2388 549 2480 603 ad·
2564 608 2567 609 ⁷

392 650 570 689 versus
620 635 741 687 deos
792 632 1165 694 contenderint,
1224 647 1285 684 ex
1323 631 1511 699 quibus
1546 631 1821 700 Typhoeus
1859 632 2119 700 terrigena
2154 633 2479 688 deformitate

392 721 662 773 terruisset
717 719 838 771 deos
893 717 1168 786 conpulsos
1221 717 1276 769 in
1321 718 1631 784 Aegyptum.
1687 717 1763 770 ibi
1811 715 2048 786 Iuppiter
2089 718 2153 772 ob
2187 720 2393 773 metum
2423 719 2482 772 in
2515 726 2563 779 δε

394 806 608 858 arietem
661 819 840 857 versus
896 804 997 867 est,
1041 802 1225 871 Apollo
1278 802 1335 854 in
1379 817 1611 866 corvum,
1660 801 1817 855 Liber
1857 802 1914 855 in
1950 818 2178 871 caprum,
2218 802 2392 857 Diana
2425 804 2482 857 in

393 889 563 955 felem,
601 889 733 941 Iuno
769 889 824 940 in
861 902 1090 952 vaccam,
1128 887 1307 940 Venus
1343 887 1399 939 in
1434 887 1648 955 piscem.
1686 887 1907 941 invicem
1945 890 2122 942 autem
2153 903 2334 942 musae
2360 903 2482 942 cum

393 974 592 1029 Cereris
639 973 849 1027 laudem
893 972 1206 1025 cecinissent
1253 974 1306 1025 et
1349 972 1571 1040 qualiter
1605 973 1880 1041 Typhoeus
1916 976 2116 1027 Aetnae
2150 973 2318 1027 monti
2354 972 2484 1028 Sici-

392 1060 491 1112 liae
529 1059 795 1112 subiectus
833 1059 985 1122 esset,
1021 1056 1253 1111 Pierides
1290 1057 1456 1111 victae
1492 1058 1548 1110 in
1582 1058 1726 1126 picas
1758 1061 1888 1111 sunt
1922 1059 2334 1126 transfiguratae.

532 1212 575 1256 X
606 1215 866 1266 (numerum
897 1225 970 1255 om
989 1211 1075 1264 M)
1105 1210 1312 1255 Pierides
1340 1211 1389 1254 in
1417 1211 1543 1266 picas
1569 1214 1675 1267 post
1701 1211 1784 1256 661
1817 1211 1851 1268 β
1871 1212 1950 1269 Μ,
1981 1213 2134 1256 eodem
2163 1211 2254 1257 loco
2280 1212 2352 1266 (in
2379 1211 2480 1269 fine
2562 1198 2566 1203 ’

394 1283 499 1327 libri
526 1287 586 1332 sc)
615 1282 773 1339 fabula
806 1285 961 1327 exstat
987 1283 1039 1327 in
1058 1283 1125 1336 N,
1155 1282 1210 1338 cf
1230 1283 1291 1326 ad
1319 1281 1400 1338 fab
1419 1282 1452 1327 3
1478 1286 1587 1327 extr
1627 1283 1641 1338 ΙΙ
1681 1283 1808 1326 verbo
1839 1285 1971 1328 tenus
2001 1283 2239 1339 exscripsit
2262 1282 2483 1340 Mythoyr

400 1353 489 1399 Vat
506 1353 541 1397 Ι
554 1354 611 1399 86
640 1359 693 1409 (p
710 1353 781 1407 29,
797 1353 857 1398 30
877 1353 1021 1407 Rode)
1139 1355 1166 1398 1
1196 1353 1331 1410 Pyeri
1350 1354 1424 1397 M
1453 1355 1468 1408 ΙΙ
1504 1353 1707 1411 Euippes
1725 1354 1872 1411 vulgo,
1895 1355 2082 1411 enippes
2102 1354 2137 1411 β
2155 1353 2238 1408 Μ,
2257 1365 2411 1412 nyppe
2427 1354 2488 1398 N

391 1425 420 1469 2
447 1425 634 1469 filiabus
663 1439 720 1469 ex
748 1437 849 1468 corr
878 1439 924 1467 m
953 1424 987 1468 2
1011 1422 1152 1475 (filiae
1180 1425 1290 1481 fuit)
1321 1425 1380 1468 N
1425 1425 1439 1480 ΙΙ
1490 1426 1734 1469 certamine
1763 1426 1823 1469 N
1958 1425 1988 1470 3
2017 1431 2176 1470 cantus
2204 1425 2272 1482 N,
2301 1429 2482 1469 cantus-

394 1509 483 1553 que
512 1497 581 1540 M
607 1499 653 1540 et
681 1500 753 1548 (ex
772 1495 847 1548 sil)
870 1495 903 1552 β
923 1495 1071 1551 υιιῑρο,
1102 1495 1149 1538 in
1179 1509 1216 1540 c.
1238 1502 1395 1540 cantus
1423 1502 1734 1552 provocarunt
1760 1495 2018 1541 Raenerius
2101 1497 2132 1540 4
2159 1495 2374 1552 tiphoeus
2399 1495 2484 1550 M,

392 1609 574 1666 tipheus
603 1610 662 1653 N
698 1609 713 1662 11
752 1609 935 1664 terrig<e
965 1622 1021 1653 ex
1050 1611 1129 1654 im
1150 1609 1255 1662 2>na
1281 1609 1355 1653 M
1436 1609 1466 1654 5
1495 1608 1555 1653 ob
1586 1610 1796 1654 meritum
1827 1611 1886 1654 N
1965 1610 1995 1654 6
2023 1565 2176 1659 071²1um
2206 1613 2252 1661 (ο
2273 1611 2389 1663 eras)
2415 1608 2490 1653 M
2565 1612 2571 1614 “

395 1681 419 1724 7
450 1685 602 1724 autem
631 1692 654 1722 8
676 1680 692 1723 l
709 1692 751 1723 η
851 1680 879 1724 8
907 1679 1119 1737 tiphoeus
1149 1681 1228 1733 M,
1258 1680 1439 1736 tipheus
1469 1681 1528 1724 N
1572 1681 1586 1736 ΙΙ
1637 1679 1776 1744 ethnq
1809 1679 1855 1724 O
1905 1681 1919 1736 ΙΙ
1967 1680 2113 1724 monti
2139 1679 2286 1736 vulgo,
2313 1679 2484 1725 montis
2559 1721 2565 1725 .

395 1765 428 1821 β
452 1764 497 1808 O
529 1765 569 1805 V
599 1765 613 1820 ΙΙ
653 1764 929 1815 silllllciliae
950 1766 984 1821 β
1322 1764 1487 1820 Explic
1506 1765 1638 1819 (liber
1666 1765 1709 1810 V
1736 1765 1830 1809 add
1859 1766 1911 1822 β)
1939 1766 2059 1824 incip
2081 1757 2146 1810 lffi
2173 1769 2329 1810 sextus
2348 1765 2383 1822 β
2400 1764 2484 1819 Μ,

394 1877 555 1934 ΕΧΡΙίὄ
584 1845 802 1936 VS·Inci1'›
818 1845 884 1923 &⁸31
907 1881 1016 1933 post
1046 1878 1203 1923 titulo-s·
1230 1878 1498 1935 fabularum
1530 1879 1636 1923 lib-ri
1673 1877 1747 1923 VI
1769 1879 1829 1923 N
