2554 4094
259 517 319 567 N

332 203 426 242 XIV

331 361 478 397 anno
515 348 658 397 1912
694 347 1009 396 liberalitate
1040 347 1435 410 praefectorum
1466 347 1860 398 Laurentianae
1894 348 2005 399 huc
2043 351 2421 402 transmissum

338 433 393 481 in
434 433 756 482 bibliotheca
792 433 940 494 reyia
978 427 1382 491 Berolinensil).

481 517 697 567 Codex
731 517 1229 579 Neapolitanus
1258 515 1341 563 IV
1370 515 1420 562 F
1448 515 1498 563 3.
1569 514 1719 565 hunc
1745 517 1941 567 librum
1969 520 2251 581 optimum,
2275 520 2423 570 Mar-

337 603 491 652 ciano
529 605 819 665 cognatum
858 604 911 651 et
943 616 1119 665 paene
1149 615 1355 663 parem,
1405 600 1475 648 ab
1511 600 1791 651 NHeinsio
1835 617 1959 653 raro
1997 604 2276 654 laudatum
2307 607 2423 668 pri-

335 701 459 736 mus
496 688 725 736 contulit
756 690 810 737 et
844 689 1186 737 collationem
1219 685 1431 747 publici
1467 686 1602 734 iuris
1630 686 1765 749 fecit
1789 688 1844 736 in
1870 689 2209 753 praefatione
2233 690 2423 740 editio-

336 773 423 820 nis
476 772 697 822 alterius
746 756 1195 821 Tauclznitzianae
1243 770 1379 818 anni
1413 769 1555 818 1889
1590 770 1814 821 ARiese.
1884 775 2075 835 postea
2132 775 2246 837 ipse
2299 788 2423 824 eum

337 858 549 906 excussi
582 871 728 906 anno
766 857 901 905 1901
942 856 1185 918 Neapoli.
1259 868 1323 903 ac
1367 856 1602 917 repetere
1636 855 1743 905 hoc
1781 857 1898 907 loco
1936 858 2066 907 libet
2097 858 2435 920 quibusdam-

339 943 619 991 inmutatis
657 956 795 1004 quae
831 943 967 990 dixit
1002 941 1067 989 de
1104 954 1167 989 eo
1206 940 1226 988 l
1260 954 1289 988 c
1319 954 1360 1002 p
1397 939 1561 989 XXX
1591 941 1831 991 ARiese:
1868 942 2070 992 ‘Codex
2106 945 2189 993 est
2225 943 2427 994 saeculi

339 1023 610 1077 undecimi
665 1027 851 1075 fitteris
906 1025 1307 1089 longobardicis
1363 1023 1559 1086 [immo
1605 1026 2017 1089 Beneventanis,
2074 1029 2135 1093 cf
2171 1029 2429 1078 LTraube

338 1114 389 1161 D
413 1113 501 1161 Lit
523 1112 571 1160 Z
592 1112 733 1160 1902
767 1112 842 1173 Sp
879 1109 1049 1172 3158]
1095 1110 1381 1173 diligenter
1416 1107 1495 1172 [si
1528 1113 1741 1173 spectas
1775 1126 1834 1161 sc
1863 1113 2075 1176 formas
2112 1114 2427 1175 litterarum,

339 1197 535 1246 erravit
589 1198 766 1244 tamen
812 1208 973 1257 saepe
1016 1195 1072 1242 in
1121 1193 1392 1243 exarando
1437 1194 1613 1243 scriba
1650 1196 1961 1258 multosque
1998 1211 2184 1247 versus
2219 1195 2429 1259 omisit]

342 1285 394 1331 et
430 1281 675 1329 distincte
713 1279 940 1342 scriptus
979 1281 1031 1328 et
1069 1292 1101 1327 a
1137 1278 1269 1328 folio
1309 1278 1565 1327 3γ-181ν
1609 1280 1830 1343 picturis
1874 1282 2154 1344 permultis
2198 1281 2270 1332 ad
2307 1281 2430 1332 ovi-

341 1366 488 1414 dium
525 1364 671 1413 haud
708 1362 873 1426 [adde
911 1378 1091 1427 saepe,
1124 1365 1401 1426 pertinent
1434 1365 1578 1413 enim
1603 1365 1816 1427 aliquot
1848 1366 1923 1415 ad
1959 1365 2238 1429 Ovidium]
2269 1366 2430 1431 perti-

340 1450 593 1499 nentibus
631 1449 727 1498 sed
765 1449 1007 1498 eiusdem
1035 1463 1159 1498 saec
1184 1448 1254 1497 §ss
1278 1449 1541 1512 pingendi
1577 1450 1841 1499 rationem
1879 1451 2238 1501 referentibus
2275 1466 2431 1502 orna-

341 1538 441 1584 tus.
492 1535 635 1584 foliis
662 1536 870 1584 constat
896 1534 1017 1595 201,
1055 1534 1288 1598 paginae
1326 1535 1620 1598 pleraeque
1658 1538 1784 1585 sunt
1808 1550 2063 1586 versuum
2087 1537 2429 1588 tricenorum.

339 1621 470 1670 folia
519 1619 770 1669 82V—90v
816 1619 927 1681 (VII
965 1618 1199 1679 4—488)
1247 1621 1300 1669 et
1338 1619 1440 1669 103
1479 1620 1614 1682 (VIII
1651 1619 1955 1682 340—402)
2002 1621 2072 1670 ab
2118 1621 2223 1671 alia
2264 1636 2433 1672 manu

342 1706 537 1770 scripta
593 1707 718 1754 sunt
770 1703 866 1767 [de
916 1706 1099 1768 priore
1153 1705 1270 1754 loco
1327 1703 1560 1767 dubito].
1635 1720 1832 1755 manus
1885 1706 2059 1770 prima
2107 1707 2307 1757 desinit
2353 1707 2434 1758 fol

342 1791 472 1840 188ν
505 1805 664 1840 versu
700 1790 817 1839 XIV
849 1789 953 1839 838
992 1788 1164 1854 [paret
1201 1792 1254 1839 et
1290 1790 1348 1839 in
1385 1792 1580 1840 terram
1618 1791 1791 1855 pictos
1829 1791 2051 1855 delapsa
2086 1806 2184 1856 per
2220 1792 2431 1855 arcus]’.

343 1877 493 1938 quod
519 1876 580 1925 M
619 1876 817 1924 desinit
853 1877 974 1925 octo
1014 1876 1258 1925 versibus
1301 1878 1443 1936 ante,
1501 1890 1658 1925 versu
1705 1877 1827 1937 830,
1885 1877 1944 1926 id
1994 1877 2124 1926 olim
2170 1876 2254 1940 (N
2280 1877 2434 1927 Jhbb

342 1962 498 2022 1894,
537 1960 664 2023 197)
699 1963 839 2010 recte
877 1963 949 2010 ita
986 1961 1282 2024 explicasse
1316 1960 1458 2010 mihi
1503 1961 1701 2022 videor,
1749 1964 1811 2011 ut
1853 1962 2099 2023 dicerem,
2146 1962 2343 2012 librum
2385 1961 2437 2013 0

346 2062 500 2096 versu
538 2047 644 2095 838
681 2047 918 2095 desiisse.
992 2046 1163 2095 huius
1208 2047 1409 2095 codicis
1447 2046 1595 2110 facta
1647 2061 1765 2096 esse
1819 2047 1928 2096 duo
1981 2047 2315 2110 apoyrapha,
2370 2061 2437 2097 ex

345 2133 543 2194 quibus
572 2133 862 2197 fluxissent
890 2134 943 2181 et
965 2131 1028 2180 M
1059 2133 1113 2180 et
1134 2130 1202 2181 N.
1265 2145 1331 2180 ex
1370 2132 1571 2193 quibus
1609 2132 1679 2192 id,
1716 2132 1792 2181 ad
1827 2133 1979 2194 quod
1998 2133 2193 2182 rediret
2215 2131 2296 2194 M,
2332 2133 2434 2182 ali-

346 2220 549 2279 quanto
581 2219 710 2280 post
746 2218 1072 2280 descriptum
1112 2231 1230 2266 esse
1268 2231 1432 2279 quam
1461 2217 1611 2278 illud,
1638 2231 1704 2266 ex
1730 2231 1840 2279 quo
1859 2218 2121 2280 penderet
2142 2216 2211 2267 N.
2257 2219 2436 2281 spatio

343 2305 522 2352 autem
560 2303 745 2364 aliquo
784 2304 1059 2352 interiecto
1091 2304 1399 2365 postremos
1437 2304 1558 2351 octo
1598 2317 1799 2363 versus,
1839 2305 1901 2352 ut
1933 2317 2094 2366 saepe
2129 2304 2213 2352 est
2247 2303 2304 2352 in
2322 2304 2438 2368 fine

346 2389 620 2448 librorum,
659 2391 755 2437 aut
773 2389 980 2450 perisse
1005 2390 1104 2438 aut
1127 2389 1427 2437 evanuisse.
1486 2389 1591 2437 iam
1612 2390 1744 2451 post
1770 2388 1858 2451 fol
1879 2388 2011 2437 18812
2042 2389 2292 2450 sequitur
2305 2387 2436 2452 foli-

347 2489 437 2522 um
475 2474 789 2536 sinyillatim
818 2475 1095 2534 insertum,
1154 2474 1210 2522 in
1244 2487 1353 2535 quo
1389 2474 1579 2536 scripti
1599 2475 1729 2522 sunt
1752 2473 1889 2522 XIV
1917 2470 2115 2523 839s51
2153 2473 2261 2523 XV
2287 2467 2434 2523 1l47.

340 2559 649 2621 proximum
670 2557 867 2621 folium
894 2558 1063 2607 habet
1089 2572 1275 2607 versus
1310 2558 1418 2607 XV
1429 2554 1633 2607 48s122
1668 2559 1916 2607 exaratos
1938 2558 2009 2607 ab
2045 2558 2230 2608 eadem
2266 2572 2435 2608 manu

347 2645 561 2703 recenti,
585 2658 722 2705 quae
739 2644 955 2706 scripsit
971 2639 1298 2693 11121s181.
1336 2644 1646 2705 sequuntur
1660 2643 1768 2692 XV
1779 2638 2017 2692 123l842
2035 2657 2147 2692 uno
2166 2644 2350 2692 tenore
2365 2642 2437 2692 ab

347 2729 452 2777 alia
490 2744 656 2777 manu
693 2730 893 2790 scripti.
947 2730 1002 2777 in
1031 2729 1222 2778 ultimo
1252 2729 1392 2792 folio
1429 2729 1646 2791 scripsit
1681 2728 1772 2777 illa
1809 2742 1995 2777 recens
2029 2742 2244 2790 manus,
2281 2730 2439 2779 cuius

347 2815 453 2863 XV
481 2810 682 2863 48l122
716 2816 861 2874 sunt,
902 2828 1090 2862 versus
1120 2813 1227 2862 XV
1264 2814 1371 2862 844
1407 2812 1538 2875 (843
1574 2811 1793 2875 excidit)
1836 2814 1911 2862 ad
1946 2814 2115 2877 finem
2166 2815 2435 2863 carminis.

351 2902 694 2962 conspectum
736 2899 998 2948 bonarum
1041 2899 1330 2948 lectionum
1369 2899 1610 2961 expressi
1642 2898 1703 2948 N
1730 2898 1883 2948 JIzbb
1920 2899 2078 2959 1894,
2117 2899 2223 2947 644
2239 2912 2322 2960 sq.

492 2984 553 3032 M
573 2986 626 3033 et
641 2982 701 3033 N
711 2986 842 3032 sunt
858 2984 975 3033 sola
1006 2985 1231 3046 inteyra,
1256 2985 1367 3032 nisi
1392 2984 1544 3045 quod
1560 2985 1820 3033 omittunt
1839 2984 2034 3032 librum
2054 2983 2170 3044 XV,
2195 2983 2437 3047 exempla

346 3069 589 3132 familiae
628 3067 692 3129 Ο,
733 3082 839 3130 qua
879 3070 1126 3131 inprimis
1152 3071 1328 3118 textus
1351 3069 1866 3132 Metamorphoseon
1889 3063 2154 3130 nititur2).
2205 3069 2437 3118 ceterum

353 3154 415 3204 M
473 3168 592 3203 vera
639 3155 693 3201 et
725 3155 962 3215 yenuina
1008 3155 1226 3215 saepius
1268 3168 1511 3203 servasse
1559 3167 1721 3215 quam
1759 3152 1820 3202 N
1849 3152 2181 3216 (praesertim
2221 3167 2343 3202 cum
2381 3154 2439 3203 in

354 3239 460 3288 hoc
499 3240 649 3287 vetus
686 3238 840 3286 lectio
883 3239 1196 3300 saepissime
1244 3253 1395 3288 erasa
1442 3236 1537 3299 sit)
1581 3239 1905 3288 conceditur.
1977 3238 2241 3287 accedunt
2283 3237 2438 3301 fraq-

355 3325 534 3372 menta
575 3324 673 3371 tria
711 3323 955 3372 codicum
994 3337 1328 3384 mancorum,
1383 3325 1480 3385 qui
1514 3325 1568 3372 et
1596 3325 1821 3386 propter
1852 3307 2190 3373 narrationes
2218 3323 2437 3387 fabula-

500 3463 540 3508 1)
569 3463 778 3512 Maynum
807 3474 1039 3501 numerum
1073 3463 1284 3501 bonarum
1307 3464 1556 3510 lectionum,
1586 3474 1695 3512 quas
1723 3463 1855 3502 habet
1874 3460 1944 3502 M
1958 3463 2078 3502 solus
2097 3465 2177 3501 aut
2201 3473 2340 3512 paene
2367 3475 2438 3503 so-

357 3534 438 3579 lus,
469 3535 666 3582 conqessi
693 3534 851 3572 NJhbb
881 3533 1009 3578 1894,
1044 3534 1125 3572 760
1139 3545 1201 3582 sq.

500 3604 542 3651 2)
575 3604 633 3654 Cf
662 3615 771 3652 quae
814 3605 906 3643 dixi
947 3604 1108 3643 NJIzbb
1154 3605 1279 3651 1894,
1320 3606 1401 3643 191
1420 3617 1483 3654 sq.
1544 3606 1746 3654 conyessi
1788 3605 1831 3643 ib
1856 3616 1889 3654 p
1921 3605 2006 3643 198
2050 3603 2254 3642 lectiones
2302 3604 2437 3643 bonas

358 3673 517 3712 multas
547 3685 625 3712 nec
657 3676 798 3713 tamen
830 3686 993 3719 omnes,
1025 3686 1133 3723 quas
1161 3676 1349 3714 servavit
1375 3676 1497 3714 solus
1529 3672 1586 3715 O.

2547 1159 2554 1173 -
2546 1128 2554 1148 ,ι
2548 1056 2554 1113 ...ῃ
2542 1018 2554 1030 ,Ι
2544 702 2554 1007 -Δ-Αᾳηνῴ-ι-
2549 673 2554 685 .,
2550 613 2554 645 -μ,
2550 579 2554 583 .
2549 503 2554 544 η..

2546 2403 2554 2533 -.-.—
2548 2359 2554 2371 ι.
2547 2096 2554 2329 .————-—-—.-.
