2580 4088
918 265 1057 310 Liber
1083 264 1167 310 XI.
1196 264 1288 309 fab.
1320 267 1473 309 9—11.
2129 265 2231 312 695

156 450 170 465 .
196 410 268 479 .†
307 410 531 465 Somnus
568 409 708 462 enim
744 406 892 460 iussu
929 408 1039 461 eius
1077 407 1214 460 filius
1253 407 1319 460 ad
1354 405 1607 459 indicium
1631 405 1880 474 Morphea
1916 406 2233 460 imitatorem

59 543 61 547 Α
151 495 435 563 figurarum
475 494 693 557 missuS‚
745 492 892 545 cuius
930 494 1088 545 trater
1135 492 1199 544 ab
1238 492 1318 545 dis
1354 490 1520 544 Icelos
1558 492 1611 543 et
1657 491 1723 543 ab
1768 490 2065 543 hominibus
2102 491 2235 545 Pho-

152 580 300 633 betor
336 579 635 648 appellatur,
674 577 857 630 solitus
893 576 1021 629 item
1054 577 1109 628 in
1145 576 1313 629 varias
1360 576 1554 642 figuras
1603 575 1745 628 abire
1791 575 2086 628 Phantasus
2126 617 2136 628 .
2178 615 2190 627 .
2225 616 2236 628 .

153 663 410 718 Trachina
446 664 511 717 ad
535 662 801 730 Alcyonen
839 661 1105 714 dimiserat
1131 702 1142 714 .
1170 700 1182 714 .
1210 701 1222 714 .
1248 661 1520 728 coniugem
1557 660 1789 728 conperit
1824 660 2078 713 interisse.
2152 676 2237 713 ex-

151 764 302 802 cusso
358 764 478 816 ergo
529 762 712 815 sopore
754 746 934 799 lumen
977 746 1166 799 inferre
1222 747 1378 799 iussit
1414 785 1426 797 .
1468 784 1480 797 .
1518 785 1530 798 .
1570 746 1807 812 agnitum
1856 760 1975 799 vere
2023 745 2235 813 perisse.

149 833 430 886 novissime
483 832 549 885 ad
594 832 720 884 litus
767 831 1014 894 decurrit,
1065 832 1203 886 unde
1253 832 1405 884 illum
1460 830 1742 883 dimiserat.
1803 832 1857 883 et
1902 831 1963 883 ut
1998 829 2237 897 naufragi

2 938 29 1025 ³}
151 917 386 972 exanime
423 933 607 987 corpus
643 916 885 969 fluctuari
921 917 1149 984 proximo
1175 917 1324 970 litore
1355 916 1627 986 prospexit,
1663 916 1718 968 in
1755 916 1977 983 figuram
2013 916 2237 969 volucris
2328 964 2330 967 .

150 1003 324 1056 Aeolis
362 1003 530 1067 cessit,
569 1016 700 1070 quae
739 1002 803 1054 ab
843 1002 954 1054 eius
992 1002 1201 1055 nomine
1245 1003 1472 1055 vocatur.
1532 1002 1587 1053 in
1625 1001 1807 1054 eadem
1844 1001 2013 1068 specie
2052 1015 2236 1069 corpus

152 1086 334 1156 Ceycis
372 1089 454 1140 est
488 1103 713 1141 versum.
765 1087 862 1139 hae
899 1087 1133 1140 volucres
1170 1087 1384 1140 hiberno
1421 1089 1651 1155 tempore
1688 1101 1780 1155 per
1817 1087 2017 1154 septem
2045 1085 2235 1138 diesin

43 1182 115 1233 ,lo
149 1189 293 1226 mare
329 1172 511 1226 nidum
548 1173 750 1241 ponunt
772 1172 1058 1241 pullosque,
1097 1172 1185 1239 qui
1223 1187 1375 1225 casus
1411 1172 1668 1225 maiorum
1706 1187 1918 1225 suorum
1956 1171 2236 1239 deplorent,

148 1259 204 1311 in
259 1259 407 1312 litore
445 1259 707 1326 exponunt
883 1257 1115 1311 Aesacus
1150 1259 1307 1310 natus
1353 1257 1562 1321 Priami,
1600 1272 1661 1309 ex
1706 1257 1977 1310 Alexirhoe
2016 1256 2236 1310 Cebreni
2257 1268 2339 1319 fab
2368 1265 2421 1308 11

150 1344 319 1397 amnis
355 1343 464 1395 filia
501 1343 597 1396 sub
635 1343 811 1395 monte
847 1341 944 1394 Ida
988 1340 1171 1395 furtim
1208 1342 1393 1406 editus,
1449 1342 1710 1395 urbanum
1765 1343 2074 1410 apparatum
2129 1341 2240 1394 cul-

0 1474 9 1499 5
149 1432 368 1496 tumque
423 1443 546 1481 cum
600 1427 742 1480 silvis
790 1429 843 1479 et
896 1427 1060 1480 labori
1110 1427 1500 1495 postposuisset,
1553 1426 1738 1480 incidit
1790 1427 1846 1478 in
1902 1428 2238 1495 conspectum

0 1506 12 1618 ’1
147 1513 424 1580 Hesperies
469 1512 758 1581 nymphae3
807 1511 956 1564 cuius
996 1513 1178 1579 captus
1223 1510 1607 1579 pulchritudine
1642 1511 1768 1563 dum
1803 1511 2092 1578 fugientem
2128 1527 2238 1580 per-

67 1610 114 1653 15
152 1598 410 1665 sequitur,
467 1612 625 1650 causa
677 1596 1020 1664 interemptus
1072 1596 1184 1648 eius
1223 1595 1435 1648 exstitit.
1497 1595 1713 1648 confusa
1749 1596 1890 1648 enim
1926 1597 2111 1661 timore
2147 1613 2240 1665 per

151 1683 500 1750 ignorantiam
525 1683 818 1749 serpentem
843 1681 984 1733 calce
1011 1681 1217 1749 pressit,
1244 1681 1392 1733 cuius
1417 1695 1596 1733 morsu
1621 1680 1803 1733 stricta
1829 1681 2069 1733 concidit.
2127 1682 2238 1734 eius

152 1767 403 1821 desiderio
427 1769 672 1834 Aesacus,
711 1782 782 1819 ne
817 1766 1012 1819 diutius
1038 1765 1268 1820 dolorem
1305 1766 1535 1830 sentiret,
1573 1781 1601 1818 e
1639 1767 1815 1819 monte
1851 1766 1907 1817 in
1945 1766 2241 1819 subiectum

150 1853 365 1922 pelagus
403 1868 459 1906 se
495 1852 876 1921 praecipitavit3
924 1852 1013 1921 qui
1055 1852 1362 1920 priusquam
1410 1853 1744 1919 mergeretur,
1788 1851 1844 1903 in
1882 1866 2031 1904 avem
2069 1851 2242 1904 cessit.

291 2007 319 2050 1
349 2005 545 2051 Somnus
565 2005 975 2062 enim—Morphea]
1006 2004 1070 2050 sic
1097 2005 1194 2061 fere
1223 2004 1460 2058 (indictum
1488 2006 1557 2060 N,
1586 2005 1806 2062 lnorphea
1836 2006 1928 2060 M)
1962 2006 2021 2061 0,
2053 2018 2242 2050 somnus

151 2075 250 2122 eius
277 2076 404 2122 filius
433 2076 493 2121 ad
521 2076 740 2121 indictum
762 2075 981 2132 Morphea
1010 2077 1063 2133 V,
1096 2076 1293 2121 Somnus
1313 2076 1372 2121 ad
1392 2076 1610 2121 indicium
1629 2077 1888 2122 faciendum
1919 2077 2068 2121 filium
2097 2077 2241 2133 ipsius

149 2147 368 2204 Morphea
394 2148 529 2205 vulyo
578 2149 593 2203 Η
644 2148 765 2192 locus
792 2148 997 2204 graviter
1024 2150 1268 2203 corruptus
1420 2147 1449 2192 2
1477 2147 1644 2193 missus
1672 2149 1751 2202 M,
1782 2149 1949 2194 missos
1977 2149 2045 2201 N,
2075 2147 2240 2191 missus

151 2223 221 2263 est
240 2219 293 2272 V,
323 2218 503 2264 mittere
531 2219 680 2263 iussus
710 2219 840 2276 vulgo
870 2219 884 2276 Η
914 2218 1059 2263 Icelos
1088 2219 1264 2275 scrz‘ssnszss
1295 2218 1440 2263 Icelus
1470 2219 1605 2276 vulyo
1627 2220 1642 2275 ΙΙ
1665 2219 1952 2268 abdisieecon
1973 2226 2019 2264 et
2037 2218 2095 2263 ab
2117 2217 2239 2262 hom.

0 2286 3 2342 ἰ
147 2290 227 2346 Μ,
250 2289 308 2335 ab
330 2289 418 2334 diis
439 2296 485 2335 et
504 2289 562 2334 ab
583 2289 703 2335 hom.
721 2291 786 2343 N,
808 2289 866 2334 ab
888 2289 976 2334 diis
998 2290 1131 2334 Iceon
1149 2295 1196 2334 et
1210 2289 1330 2334 hom.
1352 2289 1427 2347 Vll
1445 2289 1701 2347 Phobetor]
1717 2290 1902 2335 fouetur
1918 2292 1978 2335 N
2029 2291 2114 2346 3841
2135 2304 2238 2348 app.

148 2360 638 2412 solitus-Phantasus]
654 2376 768 2417 quae
786 2362 991 2418 expressi
1008 2362 1216 2417 promimc
1235 2362 1455 2406 accedunt
1475 2362 1535 2405 acl
1553 2361 1700 2419 libros,
1722 2375 1823 2419 app.
1846 2362 2010 2407 solitus
2025 2363 2073 2406 in
2093 2363 2242 2408 uarias

146 2431 322 2488 figuras
351 2431 508 2477 haberi
534 2434 596 2477 ite
617 2432 843 2489 inpathe(s
863 2447 920 2477 eae
941 2439 961 2477 t
980 2446 1024 2476 m
1046 2437 1144 2486 2)us
1165 2433 1244 2486 M,
1266 2446 1368 2490 app.
1386 2438 1432 2477 et
1453 2433 1532 2489 qui
1551 2433 1599 2477 in
1618 2433 1769 2478 uarias
1789 2433 1869 2489 fig.
1892 2433 2050 2479 haberi
2070 2433 2153 2479 sol.
2173 2440 2243 2479 est

147 2501 411 2558 hipathesus
440 2504 494 2557 V,
531 2517 633 2560 app.
666 2504 748 2548 sol.
779 2505 827 2547 in
857 2504 1008 2548 uarias
1037 2503 1119 2560 fig.
1139 2503 1297 2548 haberi
1327 2508 1372 2547 te
1403 2508 1602 2560 papasus
1630 2505 1698 2558 N,
1729 2510 1776 2549 et
1802 2505 1928 2559 alter,
1961 2506 2039 2561 qui
2067 2505 2116 2549 in
2144 2518 2239 2549 var.

146 2573 229 2631 fig.
259 2573 385 2620 abire
413 2574 496 2620 sol.
528 2580 610 2627 est,
643 2574 899 2619 Phantasus
928 2574 1060 2631 vulyo
1090 2575 1104 2630 Η
1135 2575 1347 2619 lacunam
1366 2575 1511 2619 statui
1594 2577 1681 2631 4sq
1711 2576 1882 2620 tracina
1901 2577 1981 2629 M,
2011 2577 2152 2620 tracia
2172 2579 2239 2631 N,

146 2645 384 2690 Tracinam
414 2646 462 2692 V
496 2648 512 2702 ΙΙ
553 2646 790 2703 Alcyonen
820 2646 872 2701 V,
904 2645 1156 2690 calidonem
1182 2647 1227 2690 0
1269 2647 1283 2702 ΙΙ
1323 2646 1482 2691 Trach.
1513 2646 1573 2690 ad
1592 2647 1826 2704 Alcyonen
1849 2647 1975 2700 dim.]
2005 2648 2081 2693 ille
2101 2649 2242 2705 igitur

147 2715 414 2761 Trachinem
435 2717 495 2761 ad
515 2717 782 2774 Halcyonen
802 2717 967 2762 missus
998 2722 1068 2762 est
1096 2718 1229 2774 vulyo
1251 2719 1266 2772 ΙΙ
1291 2717 1504 2762 lacunam
1532 2719 1680 2763 statui
1729 2719 1743 2774 ΙΙ
1793 2719 1910 2764 coni.
1942 2732 2074 2777 conp.
2104 2721 2240 2765 inter-

62 2812 69 2826 .-
147 2787 251 2839 isse]
282 2788 347 2832 sic
378 2787 438 2843 0,
469 2800 586 2844 quae
616 2801 674 2832 ex
704 2801 759 2832 eo
796 2795 869 2843 (ex
899 2801 953 2832 eo
985 2802 1057 2832 om
1079 2789 1141 2841 V)
1178 2789 1418 2845 coniugem
1454 2790 1675 2845 comperit
1720 2789 1947 2835 interiisse
1983 2791 2031 2837 V
2061 2791 2198 2847 vulyo
2228 2796 2242 2846 ἢ

146 2872 336 2904 excussa
355 2858 580 2903 Munclcer
721 2860 750 2903 5
779 2858 946 2904 inferre
978 2860 1037 2913 O,
1066 2859 1222 2904 inferri
1251 2861 1298 2907 V
1320 2860 1452 2917 vulyo
1492 2862 1507 2916 ΙΙ
1552 2861 1764 2905 lacunam
1791 2862 1940 2906 statui
1978 2862 1992 2917 ΙΙ
2033 2862 2240 2918 agnitum

147 2943 256 2975 vere
303 2930 488 2986 perisse]
538 2930 696 2985 agnitu
740 2942 798 2974 ue
839 2931 1092 2986 repperisse
1138 2932 1198 2983 O,
1250 2931 1455 2986 agnitum
1496 2944 1609 2976 vero
1653 2931 1844 2987 periisse
1889 2933 1949 2988 V,
1991 2946 2064 2976 om
2107 2933 2240 2990 vulgo

146 3001 177 3046 6
203 3000 326 3046 unde
359 3000 418 3055 0,
448 3001 530 3046 ubi
558 3002 605 3048 V
627 3001 761 3057 vulgo
855 3003 880 3046 ’ἶ
910 3000 1120 3046 fluctuari
1154 3002 1199 3045 0
1230 3003 1283 3059 V,
1313 3002 1535 3047 fluctuare
1564 3002 1699 3058 vulyo
1814 3003 1842 3047 8
1872 3002 1986 3048 eolis
2013 3004 2085 3047 M
2119 3006 2134 3059 [Ι
2180 3003 2239 3049 ob

147 3066 202 3117 ei’
232 3078 322 3116 noe
350 3073 422 3115 M
465 3074 481 3127 ΙΙ
531 3078 720 3117 uocatur
749 3086 820 3116 om
842 3074 902 3117 N
937 3074 951 3127 [Ι
993 3073 1150 3117 eadem
1172 3074 1323 3129 specie
1343 3074 1420 3125 M,
1450 3073 1640 3118 eandem
1668 3074 1905 3131 specieN,
1928 3075 2119 3120 eandem
2141 3088 2240 3131 spe-

146 3142 261 3188 ciem
282 3143 476 3199 Vvulyo
584 3143 615 3188 9
642 3144 762 3199 cllcis
792 3147 953 3197 (cetera
984 3144 1074 3201 legi
1100 3158 1194 3189 non
1223 3148 1430 3200 possunt)
1462 3146 1522 3189 N
1552 3147 1567 3200 ΙΙ
1605 3145 1691 3190 hae
1720 3145 2238 3202 volueres—exponunt]

138 3217 334 3271 propter
361 3215 615 3271 maryinem
645 3214 871 3259 abscisum
914 3216 1081 3260 desunt
1122 3217 1174 3260 in
1204 3217 1264 3260 N
1373 3216 1432 3262 10
1460 3216 1681 3261 malorum
1726 3230 1912 3261 suorum
1942 3218 2023 3270 M,
2054 3230 2239 3261 suorum

147 3285 367 3330 maiorum
399 3286 446 3332 V
468 3285 603 3342 vulyo
717 3287 773 3330 11
801 3285 899 3338 inl(i
928 3300 984 3330 ex
1014 3291 1159 3338 o)tore
1188 3287 1262 3331 M
1306 3289 1321 3342 ΙΙ
1371 3287 1424 3343 cf
1447 3287 1632 3332 Servius
1660 3289 1713 3332 in
1741 3302 1879 3345 yeory
1908 3287 1945 3331 I
1967 3288 2057 3333 399

289 3356 461 3401 Esacus
480 3355 530 3400 in
549 3349 755 3412 mergum
766 3359 879 3412 post
893 3356 982 3402 748
996 3359 1063 3402 M
1100 3359 1114 3413 ΙΙ
1148 3357 1301 3441 ΙΙΕΙειοιιε
1321 3358 1469 3414 (infra
1487 3359 1527 3404 E
1549 3362 1616 3404 cst
1634 3362 1727 3425 ras)
1748 3360 1808 3403 N
1917 3361 1973 3403 11
1999 3358 2240 3404 Alexirhoe

148 3453 217 3511 (cf
227 3458 320 3500 met
338 3455 417 3499 XI
434 3455 530 3507 763)
544 3455 720 3511 scripsi,
740 3454 999 3510 Alyxothoe
1021 3457 1168 3513 vulqo,
1192 3458 1206 3513 ss
1229 3470 1286 3500 ex
1311 3457 1435 3508 alix(i
1458 3471 1515 3501 eae
1543 3462 1670 3511 0)roe
1692 3458 1773 3510 M,
1796 3463 1841 3502 et
1860 3457 2085 3502 alixthoes
2105 3459 2172 3511 N,
2195 3463 2242 3503 et

147 3524 383 3570 Alixiores
412 3526 488 3580 V!
510 3525 702 3571 Cebreni
721 3526 867 3583 vulyo,
899 3526 1098 3571 crebreni
1117 3528 1196 3578 M,
1228 3527 1565 3584 crebraeneique
1583 3530 1652 3583 N,
1683 3527 1863 3573 crebeni
1885 3530 1938 3582 V,
1972 3528 2240 3574 Cebrenidis

146 3595 378 3652 Micyllus,
411 3596 628 3642 Cebrenis
656 3597 883 3642 Munclcer
967 3598 1026 3643 13
1054 3599 1308 3643 consultum
1327 3612 1416 3655 que
1436 3600 1510 3655 Vn
1534 3612 1636 3644 cum
1666 3614 1740 3644 om
1769 3601 1829 3644 N
1910 3601 1967 3644 14
1996 3599 2239 3657 Hesperies

145 3667 289 3723 vulgo,
305 3667 471 3724 pieries
485 3669 565 3721 M,
581 3668 787 3724 peperies
803 3669 869 3724 N,
888 3669 1075 3724 Eperies
1091 3670 1137 3716 V
1153 3672 1167 3725 ΙΙ
1190 3671 1317 3714 cuius
1334 3675 1490 3727 captus
1510 3670 1697 3727 pulchr.]
1718 3671 1782 3715 sic
1801 3671 1924 3718 MV
1934 3671 2079 3727 vulqo,
2103 3684 2239 3728 quam

146 3737 269 3793 capit
285 3737 456 3794 pulchr.
473 3739 532 3782 N
612 3739 670 3782 15
697 3739 946 3794 intereptus
963 3740 1021 3783 N
1037 3741 1051 3795 fl
1074 3741 1169 3784 eius
1204 3741 1249 3784 O
1270 3741 1322 3794 V,
1354 3755 1426 3785 om
1447 3741 1580 3798 vulgo
1665 3742 1723 3787 16
1751 3747 1961 3797 serpente
1980 3743 2040 3786 N
2092 3744 2148 3787 17
2170 3755 2238 3787 es-

146 3820 253 3852 acus
280 3809 360 3865 M,
392 3821 525 3854 eac-us
553 3811 613 3853 N
637 3810 684 3856 V
705 3809 718 3865 Η
748 3809 796 3852 in
825 3823 898 3854 om
927 3811 987 3854 N
1068 3811 1125 3855 18
1154 3811 1304 3864 cessit[
1333 3813 1397 3856 sic
1427 3813 1505 3864 M,
1535 3811 1619 3856 hec
1645 3822 1818 3874 equora
1839 3818 1962 3857 amat
1980 3825 2240 3869 nomenque

145 3880 288 3936 mergi
317 3884 456 3933 tenet,
487 3880 564 3936 qui
594 3893 726 3925 amne
754 3880 976 3936 mergitur
1005 3882 1062 3926 ab
1093 3881 1172 3927 illo
1204 3882 1278 3937 (ab
1310 3897 1383 3927 om
1412 3883 1476 3936 V)
1506 3884 1598 3927 add
1626 3885 1687 3928 N
1711 3884 1757 3930 V
1795 3884 1812 3941 ll
1854 3883 1908 3940 cf
1929 3886 2022 3928 met
2048 3884 2131 3929 XI
2155 3884 2242 3929 795
