2580 4088
734 198 816 244 Ov.
846 199 1025 245 Metam.
1056 200 1155 249 Lib.
1186 198 1222 254 1,
1254 213 1297 246 v.
1329 204 1566 245 305—339.
2127 208 2191 254 23
2261 171 2266 175 1

0 335 15 398 Ξ
70 368 73 373 >
114 342 203 399 hic
237 341 328 395 ubi
362 341 646 394 Deucalion
685 343 826 406 (nam
865 343 1038 396 cetera
1075 344 1270 397 texerat
1305 346 1513 411 aequor)

0 435 10 468 ῖ
51 471 54 477 f
117 442 238 481 cum
275 426 508 479 consorte
545 425 643 478 tori
680 441 837 494 parva
872 428 982 481 rate
1019 429 1196 481 vectus
1233 427 1480 493 adhaesit,

117 509 394 579 Corycidas
434 509 692 578 nymphas
730 512 782 563 et
818 511 1036 564 numina
1072 512 1263 566 montis
1299 512 1514 566 adorant
2125 525 2196 566 320

35 618 37 622 ¹
115 594 485 661 fatidicamque
523 592 762 662 Themin,
801 611 931 662 quae
968 597 1095 649 tunc
1131 596 1301 650 oracla
1338 597 1562 652 tenebat.

115 694 220 733 non
254 678 344 732 illo
379 678 564 731 melior
601 679 877 746 quisquam
914 695 1011 733 nec
1048 681 1304 734 amantior
1338 682 1491 750 aequi

114 763 192 819 vir
227 762 342 828 fuit,
378 764 470 816 aut
504 762 596 815 illa
631 764 946 817 metuentior
981 765 1091 818 ulla
1129 765 1355 819 deorum.

0 826 30 893 3
114 847 349 917 Iuppiter
383 849 444 900 ut
479 847 689 915 liquidis
727 850 968 916 stagnare
1005 850 1281 917 paludibus
1319 850 1498 904 orbem

115 934 169 986 et
205 947 475 1001 superesse
513 933 679 986 virum
718 933 781 986 de
818 935 891 986 tot
927 935 1079 987 modo
1116 935 1330 988 milibus
1367 952 1545 1000 unum,
2127 948 2199 987 323

114 1019 170 1072 et
205 1032 475 1086 superesse
512 1017 654 1070 videt
690 1017 752 1070 de
792 1019 870 1071 tot
905 1019 1057 1072 modo
1093 1020 1305 1072 milibus
1341 1035 1516 1086 unam,

113 1101 362 1155 innocuos
399 1102 566 1166 amb0,
605 1102 827 1156 cultores
863 1104 1093 1156 numinis
1132 1105 1298 1173 ambe,

113 1186 294 1241 nubila
330 1185 545 1251 disiecit,
582 1186 876 1255 nimbisque
915 1188 1154 1255 aquilone
1191 1188 1403 1242 remotis

0 1240 28 1335 ⁷³
113 1272 167 1324 et
203 1270 346 1324 caelo
385 1271 556 1323 terras
594 1271 822 1324 ostendit
858 1273 910 1325 et
947 1273 1156 1326 aethera
1191 1274 1358 1326 terris.

113 1370 210 1408 nec
246 1355 406 1408 maris
443 1355 521 1408 ira
558 1358 751 1422 manet,
787 1357 1057 1425 positoque
1094 1358 1370 1426 tricuspide
1407 1358 1509 1411 telo
2128 1369 2200 1410 330

112 1440 310 1493 mulcet
345 1455 511 1507 aquas
547 1443 717 1494 rector
752 1441 923 1510 pelagi
960 1457 1216 1510 supraque
1253 1441 1572 1510 profundum

113 1526 404 1578 exstantem
443 1526 599 1592 atque
636 1540 842 1579 umeros
878 1526 1059 1578 innato
1095 1526 1290 1580 murice
1327 1528 1526 1579 tectum

114 1609 415 1663 caeruleum
452 1609 663 1663 Tritona
700 1612 847 1663 vocat
884 1610 1209 1677 conchaeque
1248 1611 1452 1663 sonanti

110 1694 365 1763 inspirare
401 1693 546 1747 iubet
581 1694 873 1762 fluctusque
910 1696 963 1747 et
997 1694 1215 1748 flumina
1252 1694 1398 1761 signo

111 1779 219 1833 iam
254 1793 491 1833 revocare
531 1777 665 1831 dato,
738 1794 863 1832 cava
899 1778 1091 1831 bucina
1127 1779 1351 1831 sumitur
1386 1779 1477 1847 illi,
2129 1790 2200 1830 335

114 1864 318 1926 tortilis,
354 1863 410 1915 in
447 1863 614 1915 latum
653 1878 785 1930 quae
822 1863 1031 1916 turbine
1070 1864 1254 1917 crescit
1292 1864 1360 1916 ab
1397 1864 1517 1928 im0,

113 1948 318 2013 bucina,
356 1962 487 2014 quae
523 1946 695 2000 medio
732 1947 972 2016 concepit
1006 1947 1099 2000 ubi
1135 1952 1259 2001 aera
1294 1950 1463 2016 ponto,

114 2034 268 2088 litora
303 2047 425 2087 voce
462 2032 629 2101 replet
665 2033 761 2085 sub
799 2034 1022 2100 utroque
1059 2033 1280 2086 iacentia
1314 2033 1538 2087 Phoebo.

115 2120 244 2172 tunc
279 2132 496 2186 quoque,
533 2118 594 2169 ut
630 2132 718 2171 ora
755 2118 838 2170 dei
874 2117 1086 2171 madida
1121 2118 1348 2171 rorantia
1383 2119 1544 2172 barba

258 2261 339 2302 330
355 2274 403 2311 sq
432 2259 687 2300 Priscianus
714 2256 903 2304 V5‚30:
945 2252 1066 2299 ‘haec
1096 2255 1330 2312 tricuspis'.
1366 2259 1588 2301 invenitur
1607 2262 1749 2299 tamen
1780 2259 2017 2300 hoc'etiam
2047 2266 2200 2300 neutro

116 2332 377 2383 adiunctum,
421 2330 492 2370 sed
523 2342 602 2381 per
631 2329 827 2381 obliquos
857 2342 992 2370 casus.
1053 2329 1285 2371 Ovidius
1329 2329 1375 2369 in
1404 2328 1425 2371 I
1456 2330 1870 2381 metamorphoseon:
1915 2331 2200 2381 positoque

114 2401 418 2453 tricuspide
456 2399 565 2440 telo
604 2400 735 2451 [caelo
764 2400 817 2450 G]
858 2400 1062 2440 mulcet
1105 2413 1279 2451 aquas,
1320 2423 1376 2430 —
1411 2402 1454 2441 ib
1482 2400 1636 2443 V167:
1668 2393 1890 2451 ‘tricuspis
1918 2395 2201 2452 tricuspidis',

117 2471 346 2519 Ovidius
373 2471 419 2511 in
448 2470 471 2510 Ι
499 2471 914 2523 metamorphoseon:
943 2471 1226 2522 positoque
1256 2470 1559 2523 tricuspide
1589 2471 1697 2511 telo
1726 2471 1926 2511 mulcet
1954 2483 2129 2522 aquas,

259 2545 340 2586 333
371 2543 487 2595 Apul
517 2546 600 2583 met
625 2545 698 2584 IV
723 2541 801 2584 31:
831 2541 902 2581 hic
932 2541 1112 2592 (Triton)
1144 2541 1346 2582 concha
1375 2542 1555 2582 sonaci
1584 2539 1738 2583 leniter
1757 2540 1984 2582 bucinat.

256 2669 344 2716 318
371 2671 433 2723 (et
451 2671 551 2721 350)
582 2666 829 2712 deucaleon
859 2679 887 2710 e
1028 2666 1115 2711 319
1144 2670 1354 2709 consorte
1383 2664 1483 2720 pari
1508 2665 1544 2717 f
1564 2670 1659 2709 rete
1679 2679 1709 2710 τ
1879 2665 1967 2711 320
1989 2665 2200 2711 Orecidas

118 2740 334 2799 (Oreadas
361 2739 470 2786 inde
497 2753 599 2784 corr
627 2742 646 2780 1
675 2737 813 2783 corici
841 2751 936 2782 secr
963 2743 1008 2789 τ)
1041 2750 1067 2781 ε
1095 2750 1125 2780 τ
1156 2735 1355 2781 Orcadas
1384 2748 1420 2790 9
1459 2734 1782 2794 Corrity)cidas
1812 2738 1849 2780 h
1879 2737 1899 2779 l
1930 2735 2150 2780 Contidas
2175 2736 2211 2787 f

111 2809 427 2870 Ἂμαὸρυάὸας
454 2810 578 2855 Plan
615 2810 631 2866 ΙΙ
664 2808 856 2853 adorant
886 2806 1128 2861 (adhorant
1154 2807 1227 2851 M
1251 2810 1269 2848 t
1304 2810 1374 2850 rat
1409 2819 1504 2850 sscr
1531 2820 1578 2850 m
1600 2806 1646 2859 2)
1682 2820 1708 2851 ε
1743 2806 1788 2848 Ο
1815 2821 1846 2851 τ
1884 2809 1921 2851 h
1950 2808 1970 2850 l
1999 2821 2026 2862 ς
2054 2806 2200 2862 vulyo,

57 2890 66 2906 ·’
118 2883 282 2930 adorat
319 2895 348 2926 e
377 2897 405 2938 ς
437 2900 472 2924 ω
623 2879 709 2926 321
739 2882 822 2932 te(t
851 2893 907 2923 ecc
936 2892 981 2922 m
1009 2892 1092 2934 per
1110 2877 1255 2931 ras)in
1285 2891 1312 2922 ε
1355 2877 1472 2921 terin
1499 2891 1530 2921 τ
1573 2876 1759 2923 themim
1792 2878 1811 2920 l
1854 2876 1992 2921 themi
2013 2889 2041 2920 e
2071 2878 2108 2921 Ιι
2133 2877 2168 2929 f
2188 2876 2202 2932 ΙΙ

118 2966 239 3000 nunc
262 2968 290 3010 ς
332 2951 486 2997 Bur‘m
617 2949 704 2996 322
734 2949 971 3006 quisquam
1015 2948 1177 2993 melior
1216 2948 1251 3000 f*
1272 2960 1299 2991 s
1327 2949 1343 3002 ss
1380 2947 1660 2992 reuerentior
1701 2947 1792 2991 ulla
1835 2959 1864 2991 e
1894 2949 1931 2991 h
1961 2962 1988 3003 ς
2017 2946 2202 2991 dearum

119 3036 150 3071 e
169 3038 197 3081 ς
307 3023 397 3069 325
426 3034 663 3079 superasse
685 3022 814 3074 (corr)
831 3020 868 3072 f
880 3032 1115 3075 superesse
1135 3018 1261 3063 uidet
1279 3020 1392 3071 (rum
1412 3031 1506 3062 33ον
1533 3021 1590 3070 n)
1618 3019 1678 3061 N
1691 3030 1719 3062 8
1739 3032 1766 3074 ς
1786 3018 1860 3062 Hs
1888 3018 2021 3075 vulyo
2051 3018 2160 3062 olim
2190 3017 2204 3074 ΙΙ

39 3132 43 3134 ,
118 3093 302 3139 milibus
329 3093 350 3138 i
366 3107 393 3137 r
419 3093 492 3137 M
598 3091 686 3137 326
713 3105 786 3136 om
816 3104 842 3134 ε
870 3104 901 3134 τ
935 3090 992 3146 O,
1023 3090 1185 3134 habent
1210 3090 1270 3133 X
1295 3091 1338 3133 et
1366 3088 1480 3145 imy
1509 3102 1535 3132 ε
1568 3102 1599 3133 τ
1626 3101 1687 3133 m
1714 3100 1756 3132 n
1786 3088 1801 3144 ΙΙ
1820 3088 1888 3133 Ac
1916 3101 2154 3145 superesse
2184 3090 2204 3132 l

28 3204 30 3206 ,
117 3164 204 3210 327
235 3162 371 3210 ambo
401 3168 440 3216 (s
468 3163 560 3207 add
590 3163 637 3206 8²
655 3166 712 3214 n)
742 3162 809 3206 bis
838 3174 864 3205 ε
894 3161 954 3205 N
977 3160 1130 3204 Burm
1159 3159 1318 3204 ambos
1362 3159 1428 3203 bis
1469 3161 1557 3204 cett
1586 3178 1622 3202 ω
1651 3159 1785 3216 vulyo
1955 3159 2041 3205 328
2070 3158 2206 3204 Nulla

30 3280 32 3282 ,
121 3233 302 3280 disiecit
316 3233 352 3286 t*
373 3232 586 3278 discussit
605 3247 632 3289 ς
661 3231 846 3277 deducit
859 3231 999 3275 cLeid
1020 3230 1192 3274 diducit
1209 3229 1361 3274 Burm
1383 3229 1400 3285 u
1419 3241 1508 3286 que
1527 3243 1598 3274 om
1618 3232 1657 3276 h
1684 3229 1832 3275 cGoth
1851 3229 1898 3275 R
1997 3229 2085 3275 330
2111 3230 2203 3274 telo

31 3358 33 3363 Ι
121 3318 195 3350 om
224 3305 331 3357 (add
359 3318 406 3348 m
425 3304 469 3356 3)
495 3305 534 3349 h
646 3303 732 3349 332
761 3303 1005 3347 Extantem
1035 3305 1189 3357 (atque
1217 3313 1311 3345 δεον
1330 3315 1377 3345 m
1399 3300 1442 3348 2.
1464 3300 1677 3346 humeros
1697 3313 1725 3344 e
1747 3300 1763 3357 fl
1785 3300 1974 3344 tinctum
1993 3299 2202 3345 thenov

39 3420 42 3422 ,
67 3415 75 3424 .
122 3377 168 3420 ct
210 3389 235 3419 e
277 3375 381 3420 coni
408 3373 607 3430 Bentley
720 3373 809 3419 333
837 3372 1034 3417 trimona
1062 3373 1184 3428 (corr
1212 3385 1259 3415 m
1278 3371 1323 3426 2)
1352 3384 1381 3416 e
1403 3371 1420 3429 ΙΙ
1439 3370 1725 3428 conchaeque
1745 3385 1771 3415 ε
1789 3385 1820 3415 τ
1841 3372 1878 3415 h
1897 3385 1924 3426 ς
1943 3370 2065 3415 Plan
2095 3383 2202 3415 con-

34 3426 45 3506 ⁴²
120 3443 295 3501 chaque
323 3443 496 3500 (aquei
515 3458 542 3488 r
559 3448 637 3494 m)
663 3443 709 3486 O
728 3455 757 3487 e
779 3445 799 3488 l
821 3461 856 3484 ω
878 3442 1007 3488 Jahn
1028 3442 1181 3487 sonaci
1202 3445 1413 3498 excerpta
1434 3442 1701 3497 Calandrae,
1732 3454 1809 3498 my
1830 3442 1883 3485 ecl
1901 3440 2000 3484 Bas
2021 3440 2148 3498 (1551
2155 3448 2167 3493 )
2189 3440 2203 3497 ΙΙ

34 3573 39 3579 ¹
121 3513 411 3570 conchaeque
430 3515 585 3560 sonaci
604 3513 678 3560 Hs
697 3514 832 3570 vulyo
848 3513 956 3558 olim
1042 3512 1128 3557 334
1149 3517 1194 3556 et
1217 3526 1290 3557 om
1310 3514 1417 3566 (add
1436 3527 1482 3557 m
1502 3512 1546 3566 2)
1566 3512 1638 3569 hl!
1661 3513 1708 3555 in
1727 3512 1917 3556 flumina
1936 3523 1963 3555 s
2037 3510 2124 3556 335
2145 3513 2206 3564 (et

37 3613 42 3623 ·
125 3586 221 3637 337)
252 3582 441 3630 buccina
469 3586 507 3629 h
531 3585 567 3637 f
699 3584 783 3630 337
813 3584 861 3628 in
890 3582 1041 3628 medio
1073 3586 1187 3634 (corr
1217 3583 1252 3635 l)
1283 3583 1365 3627 ΖΑ
1403 3583 1420 3639 ΙΙ
1452 3588 1504 3628 ut
1533 3595 1624 3627 aera
1642 3597 1669 3639 ς
1690 3581 1842 3626 Burm
1873 3594 2032 3626 aereat
2062 3594 2166 3626 area
2176 3581 2212 3633 f

121 3653 209 3701 838
237 3653 424 3701 latentia
452 3669 479 3700 ε
507 3669 538 3699 τ
670 3655 761 3702 339
791 3654 905 3700 Tum
941 3654 992 3709 ς*
1022 3667 1049 3709 ς
1074 3653 1110 3705 f
1131 3653 1263 3710 vulyo
1293 3654 1404 3699 olim
1439 3654 1455 3709 ΙΙ
1490 3658 1542 3699 ut
1570 3667 1643 3698 om
1668 3653 1704 3705 f
