2580 4088
759 231 842 278 Ov.
871 232 1052 278 Metam.
1081 232 1182 278 Lib.
1212 232 1247 289 1,
1278 246 1323 278 v.
1354 236 1593 278 340—385.
2153 237 2218 284 25

141 375 340 429 artibus
376 378 531 442 atque
569 373 769 427 animas
804 374 1058 429 formatae
1094 374 1364 429 infundere
1402 376 1592 429 terrae!

140 474 282 512 nunc
317 474 479 526 genus
515 459 571 511 in
606 459 758 512 nobis
793 461 956 512 restat
992 460 1209 513 mortale
1248 459 1449 513 duobus
2150 472 2222 512 365

141 542 236 606 (sic
271 541 440 595 visum
477 540 693 610 superis)
732 541 1105 610 hominumque
1143 543 1379 612 exempla
1415 558 1703 596 manemus,

281 625 505 690 Dixerat,
542 627 594 678 et
629 626 840 680 flebant.
913 627 1109 695 placuit
1144 628 1366 681 caeleste
1403 628 1600 697 precari

139 725 334 763 numen
372 712 425 763 et
459 709 707 763 auxilium
743 727 834 780 per
871 727 1044 764 sacras
1083 728 1326 779 quaerere
1364 714 1544 766 sortes,

140 794 287 848 nulla
322 810 467 848 mora
503 796 607 847 est:
646 794 839 848 adeunt
874 796 1068 861 pariter
1104 795 1411 865 Cephisidas
1449 797 1631 861 undas,

138 882 200 932 ut
234 878 466 932 nondum
502 878 741 946 liquidaS,
778 880 853 933 sic
889 881 997 932 iam
1034 881 1164 933 vada
1201 883 1324 934 nota
1361 883 1614 934 secantes.
2152 892 2224 932 370

137 963 258 1016 inde
296 963 387 1017 ubi
422 963 610 1016 libatos
647 963 934 1017 inroravere
971 965 1196 1031 liquores

139 1047 370 1101 vestibus
407 1050 460 1101 et
497 1047 668 1115 capiti,
706 1046 925 1102 flectunt
961 1050 1183 1116 vestigia
1220 1051 1430 1103 sanctae

138 1131 205 1185 ad
242 1131 456 1185 delubra
493 1131 632 1196 deae,
670 1148 890 1200 quorum
926 1132 1138 1201 fastigia
1174 1134 1314 1201 turpi

137 1215 403 1284 pallebant
438 1232 618 1270 musco
656 1218 968 1285 stabantque
1006 1218 1117 1271 sine
1154 1218 1362 1285 ignibus
1400 1233 1533 1271 arae.

137 1301 198 1353 ut
232 1300 415 1369 templi
450 1301 664 1368 tetigere
702 1302 905 1368 gradus,
944 1303 1238 1371 procumbit
1274 1304 1491 1369 uterque
2152 1312 2225 1352 375

137 1401 329 1454 pronus
365 1385 513 1438 humi
549 1386 819 1453 gelidoque
857 1402 1049 1454 pavens
1087 1387 1231 1440 dedit
1266 1387 1442 1439 oscula
1478 1403 1615 1451 sarm,

139 1473 295 1536 atque
331 1470 405 1522 ita
436 1464 502 1522 ‘si
538 1466 789 1538 precibus’
833 1471 1070 1524 dixerunt
1102 1466 1340 1524 ‘numina
1375 1471 1526 1524 iustis

140 1554 283 1607 victa
316 1554 699 1623 remollescunt,
739 1555 784 1607 si
819 1555 1048 1608 flectitur
1082 1556 1159 1607 ira
1196 1555 1423 1618 deorum,

141 1637 237 1707 dic,
272 1637 470 1707 Themi,
508 1655 611 1706 qua
647 1640 847 1706 generis
886 1640 1136 1692 damnum
1172 1640 1456 1706 reparabile
1494 1637 1654 1691 nostri

141 1724 251 1776 arte
288 1723 371 1787 sit,
408 1724 460 1776 et
495 1723 679 1776 mersis
717 1723 794 1776 fer
830 1739 995 1791 opem,
1031 1723 1326 1789 mitissima,
1365 1716 1556 1775 rebus’.
2153 1731 2226 1772 380

139 1809 283 1860 mota
319 1807 416 1860 dea
451 1809 533 1860 est
566 1809 860 1875 sortemque
898 1808 1064 1860 dedit:
1098 1802 1369 1860 ‘discedite
1409 1807 1602 1876 templo

141 1893 194 1945 et
229 1892 392 1946 velate
429 1893 586 1960 caput
622 1893 921 1960 cinctasque
958 1892 1196 1946 resolvite
1236 1894 1403 1945 vestes

141 1991 358 2044 ossaque
395 1977 512 2045 post
547 1978 753 2044 tergum
788 1992 1010 2044 magnae
1045 1977 1236 2030 iactate
1271 1971 1534 2045 parentis'.

282 2060 589 2129 Obstipuere
628 2061 731 2126 diu,
765 2062 1063 2130 rumpitque
1101 2061 1308 2115 silentia
1343 2077 1466 2115 voce

139 2144 338 2216 Pyrrha
373 2146 511 2214 prior
547 2146 804 2213 iussisque
843 2146 967 2199 deae
1005 2161 1183 2214 parere
1220 2148 1440 2208 recusat,
2153 2151 2226 2192 385

281 2345 363 2386 366
393 2347 633 2386 Pseudoacr
662 2345 783 2385 Schol
812 2344 860 2384 in
890 2345 985 2384 Hor
1014 2357 1034 2384 c
1064 2345 1095 2383 I
1120 2341 1194 2389 33,
1224 2341 1286 2384 10
1316 2344 1478 2384 Keller:
1529 2342 1587 2382 Ut
1632 2346 1695 2381 est
1724 2335 1842 2382 ‘Sic
1888 2341 2088 2381 uisum
2133 2352 2227 2379 su-

140 2428 313 2469 peris
336 2447 346 2458 .

141 2587 174 2637 (1
201 2595 409 2640 reparare
436 2595 530 2627 eser
557 2587 613 2634 η)
643 2581 704 2624 N
727 2595 754 2636 ς
783 2593 997 2625 reuocare
1026 2579 1153 2624 Mser
1180 2580 1299 2624 Diez
1329 2579 1449 2624 Sam}
1478 2579 1593 2624 1482
1618 2590 1838 2624 renouare
1874 2579 1943 2623 vel
1969 2591 2169 2623 recreare
2199 2593 2226 2634 ς

136 2654 224 2700 366
253 2654 401 2699 visum
448 2654 499 2697 A
541 2651 661 2698 schol
703 2652 820 2705 Hor,
865 2657 890 2695 e
933 2665 1028 2695 secr
1071 2652 1130 2695 h2
1156 2663 1217 2695 m
1259 2652 1408 2695 uisum
1453 2655 1523 2694 est
1556 2662 1584 2693 e
1615 2651 1635 2692 l
1664 2664 1691 2705 ς
1867 2649 1954 2694 368
1983 2648 2168 2693 axilium
2199 2662 2226 2692 ε

138 2725 225 2771 369
250 2725 421 2781 pariter
461 2724 481 2768 i
517 2737 594 2780 ‘my
624 2724 662 2767 h
694 2723 711 2778 ΙΙ
748 2721 1003 2778 cephisidas
1033 2737 1061 2777 ς
1113 2721 1193 2766 VA
1240 2725 1296 2763 τὰ
1341 2728 1424 2764 τοῦ
1469 2721 1684 2777 Κηφισοῦ
1724 2719 1893 2777 ῥεῖθρα
1920 2718 2045 2762 Plan
2075 2717 2226 2774 cephi-

138 2794 265 2840 sidos
298 2810 326 2851 ς
362 2794 411 2840 Β
439 2792 708 2850 cephesidos
745 2806 772 2837 ε
816 2791 1096 2849 caephesidis
1129 2791 1203 2836 M
1241 2790 1492 2847 cephesidis
1534 2789 1697 2842 und(as
1726 2790 1745 2833 i
1771 2803 1797 2833 r
1826 2804 1871 2832 m
1891 2789 1939 2844 2)
1970 2789 2031 2832 N
2067 2787 2225 2849 cephe-

61 2897 69 2912 .·
139 2865 281 2923 sydos
310 2878 336 2910 ε
365 2863 590 2910 cesseidos
619 2865 658 2908 h
686 2862 888 2908 cefeidos
912 2863 949 2916 f
984 2861 1249 2919 oephesidas
1279 2863 1299 2906 l
1342 2860 1588 2917 cepheidos
1616 2873 1644 2904 s
1813 2859 1901 2905 370
1929 2859 1993 2903 Ut
2020 2858 2225 2903 nondum

140 2950 168 2992 ς
195 2935 270 2980 Hs
299 2934 446 2992 vulgo,
474 2934 529 2985 (Ε
558 2934 622 2978 ir
650 2947 710 2979 ex
738 2936 876 2986 corr)t
918 2933 1122 2978 nondum
1152 2933 1225 2976 M
1252 2932 1306 2986 (Ε
1335 2945 1397 2976 ex
1427 2931 1505 2984 U)t
1531 2930 1670 2975 nond.
1701 2931 1770 2984 N,
1800 2930 1862 2974 Et
1888 2929 2028 2974 nond.
2059 2954 2115 2960 ——
2144 2929 2227 2973 sed

139 3005 230 3050 iam
260 3019 287 3051 ε
315 3007 354 3050 h
383 3017 412 3049 e
440 3003 565 3061 cUps
598 3019 626 3060 ς
656 3022 693 3047 ω
724 3007 811 3057 s(et
837 3003 1040 3060 nigriore
1067 3005 1219 3047 atram
1248 3015 1294 3046 m
1312 3002 1358 3055 2)
1377 3004 1467 3046 iam
1496 3001 1569 3045 M
1592 3006 1664 3045 set
1691 3001 1755 3045 ir
1798 3001 1879 3054 (sic
1905 3001 2017 3058 fuit)
2048 3011 2090 3044 η
2135 2998 2227 3044 Sed

138 3075 278 3122 nond.
298 3100 355 3108 -
375 3075 457 3121 sed
483 3076 573 3120 iam
604 3076 625 3118 l
650 3074 686 3127 f
712 3075 728 3130 ΙΙ
768 3075 999 3131 sequentis
1027 3086 1055 3118 s
1084 3079 1323 3129 sequentes
1353 3072 1469 3128 cUps
1496 3087 1524 3128 ς
1635 3071 1717 3117 371
1751 3070 1947 3116 libantes
1974 3071 2078 3115 Ben
2114 3070 2226 3115 irro-

181 3148 231 3180 v2

137 3201 286 3234 rarere
313 3188 387 3232 M
541 3187 629 3234 372
659 3186 846 3244 fastigia
875 3200 902 3231 ε
951 3200 1089 3231 sacrae
1119 3201 1147 3242 ς
1301 3186 1388 3231 373
1416 3184 1539 3229 turbi
1568 3186 1607 3229 h
1762 3184 1850 3230 374
1879 3183 2159 3240 Squalebant
2187 3183 2234 3228 V

139 3258 214 3303 Hs
234 3258 367 3315 vulyo
388 3258 498 3302 olim
526 3257 747 3303 tabebant
764 3258 835 3302 vir
862 3258 1019 3303 doctus
1047 3258 1099 3302 in
1120 3255 1239 3300 Hall
1258 3255 1397 3312 Litzy
1419 3255 1565 3310 180611
1587 3254 1771 3300 stabant
1790 3258 1895 3311 (que
1924 3255 2016 3298 add
2045 3268 2091 3298 m
2111 3253 2156 3306 2)
2172 3253 2233 3296 N

135 3327 223 3374 375
249 3327 420 3384 gradus
456 3329 477 3373 i
502 3341 529 3372 r
556 3340 598 3373 n
766 3328 854 3374 376
882 3328 988 3382 P(ro
1019 3328 1038 3372 i
1065 3341 1090 3371 r
1110 3341 1156 3371 m
1185 3326 1319 3381 2)nus
1348 3326 1408 3370 N
1445 3325 1592 3382 hum(i
1621 3339 1683 3371 ex
1713 3339 1741 3370 0
1771 3339 1819 3369 m
1838 3324 1883 3376 2>
1914 3326 1934 3368 l
2046 3325 2130 3370 377
2160 3324 2226 3367 ita

43 3436 49 3444 .
139 3398 351 3444 dixerunt
387 3398 597 3455 precibus
639 3398 680 3444 si
724 3401 763 3443 h
794 3399 831 3451 Τ·
858 3411 886 3443 s
914 3399 945 3443 i.
976 3398 1189 3443 dixerunt
1228 3396 1268 3441 si
1306 3395 1517 3453 precibus
1548 3397 1569 3440 l
1738 3395 1825 3441 378
1854 3394 2151 3439 remolesoent
2189 3395 2227 3437 h

139 3469 226 3515 379
252 3469 403 3514 Dicite
432 3482 523 3526 qua
551 3483 578 3514 ε
733 3469 821 3515 380
848 3469 1096 3514 iustissima
1120 3468 1156 3520 f
1308 3467 1396 3513 382
1427 3468 1701 3524 cinctasque]
1737 3467 1802 3511 sic
1831 3479 1858 3510 ε
1887 3466 1947 3508 Ν
1970 3467 2008 3509 h
2038 3479 2065 3520 ς
2094 3477 2225 3509 cuno-

141 3545 303 3596 tasque
339 3540 502 3593 (altera
536 3540 636 3596 virg
675 3539 852 3585 litterae
880 3553 910 3584 u
940 3540 1003 3584 ir
1029 3539 1120 3592 M)
1148 3538 1221 3582 M
1246 3549 1274 3581 e
1303 3552 1331 3594 ς
1375 3540 1656 3594 cunctasque
1686 3538 1707 3581 l
1748 3535 1968 3591 recingite
2013 3534 2084 3590 (cf
2123 3534 2226 3587 398)

139 3610 343 3666 cSprotii
383 3624 411 3666 ς
568 3610 656 3657 381
686 3609 955 3667 Obstipuere
984 3623 1012 3654 ε
1054 3609 1120 3653 M
1153 3609 1189 3660 f
1225 3607 1552 3665 Obstipuerunt
1595 3608 1729 3663 (corr)
1759 3609 1797 3651 h
1843 3605 2127 3662 Obstupuere
2171 3605 2230 3647 Ν

142 3691 202 3724 m
229 3692 258 3724 e
287 3681 308 3724 l
342 3682 358 3736 n
394 3681 607 3737 rupitque
636 3693 664 3724 e
694 3682 715 3725 l
744 3695 771 3736 ς
807 3681 853 3726 R
881 3681 1114 3737 ruspitque
1157 3679 1217 3722 N
1352 3679 1439 3725 385
1467 3679 1595 3723 Pirra
1625 3680 1662 3723 h
1692 3693 1719 3734 ς
