<?xml version="1.0" encoding="UTF-8"?>
<!DOCTYPE html PUBLIC "-//W3C//DTD XHTML 1.0 Transitional//EN"
    "http://www.w3.org/TR/xhtml1/DTD/xhtml1-transitional.dtd">
<html xmlns="http://www.w3.org/1999/xhtml" xml:lang="en" lang="en">
 <head>
  <title>
</title>
<meta http-equiv="Content-Type" content="text/html;charset=utf-8" />
  <meta name='ocr-system' content='tesseract 3.04.00' />
  <meta name='ocr-capabilities' content='ocr_page ocr_carea ocr_par ocr_line ocrx_word'/>
</head>
<body>
  <div class='ocr_page' id='page_1' title='image "./metamorphoseonli00oviduoft/metamorphoseonli00oviduoft_0711.png"; bbox 0 0 2580 4088; ppageno 0'>
   <div class='ocr_carea' id='block_1_1' title="bbox 856 235 2201 288">
    <p class='ocr_par' dir='ltr' id='par_1_1' title="bbox 856 235 2201 288">
     <span class='ocr_line' id='line_1_1' title="bbox 856 235 2201 288; baseline 0.004 -6"><span class='ocrx_word' id='word_1_1' title='bbox 856 236 995 282; x_wconf 87' lang='lat' dir='ltr'>Liber</span> <span class='ocrx_word' id='word_1_2' title='bbox 1021 236 1125 282; x_wconf 88' lang='lat' dir='ltr'>VH.</span> <span class='ocrx_word' id='word_1_3' title='bbox 1156 235 1250 281; x_wconf 84' lang='lat' dir='ltr'>fab.</span> <span class='ocrx_word' id='word_1_4' title='bbox 1282 239 1464 281; x_wconf 86' lang='lat'><strong>26—29.</strong></span> <span class='ocrx_word' id='word_1_5' title='bbox 2099 240 2201 288; x_wconf 83' lang='lat'>673</span> 
     </span>
    </p>
   </div>
   <div class='ocr_carea' id='block_1_2' title="bbox 288 377 2401 449">
    <p class='ocr_par' dir='ltr' id='par_1_2' title="bbox 288 377 2401 449">
     <span class='ocr_line' id='line_1_2' title="bbox 288 377 2401 449; baseline -0.002 -14"><span class='ocrx_word' id='word_1_6' title='bbox 288 379 393 435; x_wconf 88' lang='lat' dir='ltr'>Hic</span> <span class='ocrx_word' id='word_1_7' title='bbox 431 394 551 434; x_wconf 90' lang='lat' dir='ltr'>cum</span> <span class='ocrx_word' id='word_1_8' title='bbox 590 377 803 432; x_wconf 82' lang='lat' dir='ltr'>adsidue</span> <span class='ocrx_word' id='word_1_9' title='bbox 830 380 1028 433; x_wconf 88' lang='lat' dir='ltr'>Dianae</span> <span class='ocrx_word' id='word_1_10' title='bbox 1066 378 1237 433; x_wconf 90' lang='lat' dir='ltr'>studio</span> <span class='ocrx_word' id='word_1_11' title='bbox 1274 378 1409 432; x_wconf 86' lang='lat' dir='ltr'>feras</span> <span class='ocrx_word' id='word_1_12' title='bbox 1444 380 1840 448; x_wconf 80' lang='lat' dir='ltr'>persequeretur</span> <span class='ocrx_word' id='word_1_13' title='bbox 1876 382 1928 433; x_wconf 89' lang='lat' dir='ltr'>et</span> <span class='ocrx_word' id='word_1_14' title='bbox 1959 382 2204 449; x_wconf 89' lang='lat' dir='ltr'>ambigua</span> <span class='ocrx_word' id='word_1_15' title='bbox 2226 392 2306 442; x_wconf 73' lang='lat' dir='ltr'>fab</span> <span class='ocrx_word' id='word_1_16' title='bbox 2335 390 2401 432; x_wconf 80' lang='lat'>29</span> 
     </span>
    </p>
   </div>
   <div class='ocr_carea' id='block_1_3' title="bbox 114 462 2203 533">
    <p class='ocr_par' dir='ltr' id='par_1_3' title="bbox 114 462 2203 533">
     <span class='ocr_line' id='line_1_3' title="bbox 114 462 2203 533; baseline 0.001 -16"><span class='ocrx_word' id='word_1_17' title='bbox 114 479 210 518; x_wconf 80' lang='lat' dir='ltr'>vox</span> <span class='ocrx_word' id='word_1_18' title='bbox 258 463 610 533; x_wconf 85' lang='lat' dir='ltr'>refrigerantis</span> <span class='ocrx_word' id='word_1_19' title='bbox 647 462 863 532; x_wconf 84' lang='lat' dir='ltr'>Cephali</span> <span class='ocrx_word' id='word_1_20' title='bbox 907 465 972 517; x_wconf 87' lang='lat' dir='ltr'>ad</span> <span class='ocrx_word' id='word_1_21' title='bbox 1018 480 1135 518; x_wconf 91' lang='lat' dir='ltr'>eam</span> <span class='ocrx_word' id='word_1_22' title='bbox 1180 465 1319 518; x_wconf 89' lang='lat' dir='ltr'>esset</span> <span class='ocrx_word' id='word_1_23' title='bbox 1362 464 1582 533; x_wconf 90' lang='lat' dir='ltr'>perlata,</span> <span class='ocrx_word' id='word_1_24' title='bbox 1634 463 1724 532; x_wconf 88' lang='lat' dir='ltr'>qui</span> <span class='ocrx_word' id='word_1_25' title='bbox 1760 479 1822 517; x_wconf 86' lang='lat' dir='ltr'>ex</span> <span class='ocrx_word' id='word_1_26' title='bbox 1858 465 2018 518; x_wconf 93' lang='lat' dir='ltr'>nimio</span> <span class='ocrx_word' id='word_1_27' title='bbox 2056 468 2203 520; x_wconf 90' lang='lat' dir='ltr'>aestu</span> 
     </span>
    </p>
   </div>
   <div class='ocr_carea' id='block_1_4' title="bbox 32 548 2203 621">
    <p class='ocr_par' dir='ltr' id='par_1_4' title="bbox 32 548 2203 621">
     <span class='ocr_line' id='line_1_4' title="bbox 32 548 2203 621; baseline 0.001 -19"><span class='ocrx_word' id='word_1_28' title='bbox 32 617 33 621; x_wconf 6' lang='grc' dir='ltr'><strong>Ἰ</strong></span> <span class='ocrx_word' id='word_1_29' title='bbox 113 563 295 602; x_wconf 88' lang='lat' dir='ltr'>auram</span> <span class='ocrx_word' id='word_1_30' title='bbox 331 549 538 618; x_wconf 87' lang='lat' dir='ltr'>saepius</span> <span class='ocrx_word' id='word_1_31' title='bbox 574 548 849 617; x_wconf 88' lang='lat' dir='ltr'>invocaret,</span> <span class='ocrx_word' id='word_1_32' title='bbox 886 565 988 602; x_wconf 93' lang='lat' dir='ltr'>non</span> <span class='ocrx_word' id='word_1_33' title='bbox 1027 549 1285 602; x_wconf 89' lang='lat' dir='ltr'>inmemor</span> <span class='ocrx_word' id='word_1_34' title='bbox 1318 549 1524 617; x_wconf 90' lang='lat' dir='ltr'>pristini</span> <span class='ocrx_word' id='word_1_35' title='bbox 1561 548 1766 614; x_wconf 88' lang='lat' dir='ltr'>amoris,</span> <span class='ocrx_word' id='word_1_36' title='bbox 1803 549 1930 602; x_wconf 90' lang='lat' dir='ltr'>dum</span> <span class='ocrx_word' id='word_1_37' title='bbox 1965 549 2203 617; x_wconf 86' lang='lat' dir='ltr'>virgultis</span> 
     </span>
    </p>
   </div>
   <div class='ocr_carea' id='block_1_5' title="bbox 29 1150 78 1192">
    <p class='ocr_par' dir='ltr' id='par_1_5' title="bbox 29 1150 78 1192">
     <span class='ocr_line' id='line_1_5' title="bbox 29 1150 78 1192; baseline 0 0"><span class='ocrx_word' id='word_1_38' title='bbox 29 1150 78 1192; x_wconf 85' lang='lat'>10</span> 
     </span>
    </p>
   </div>
   <div class='ocr_carea' id='block_1_6' title="bbox 111 632 2204 1211">
    <p class='ocr_par' dir='ltr' id='par_1_6' title="bbox 111 632 2204 1211">
     <span class='ocr_line' id='line_1_6' title="bbox 115 632 2201 701; baseline 0.001 -15"><span class='ocrx_word' id='word_1_39' title='bbox 115 648 170 686; x_wconf 89' lang='lat' dir='ltr'>se</span> <span class='ocrx_word' id='word_1_40' title='bbox 205 633 452 698; x_wconf 77' lang='lat' dir='ltr'>recondit,</span> <span class='ocrx_word' id='word_1_41' title='bbox 487 634 549 686; x_wconf 88' lang='lat' dir='ltr'>ut</span> <span class='ocrx_word' id='word_1_42' title='bbox 585 633 954 701; x_wconf 80' lang='lat' dir='ltr'>specularetur,</span> <span class='ocrx_word' id='word_1_43' title='bbox 992 649 1060 686; x_wconf 88' lang='lat' dir='ltr'>an</span> <span class='ocrx_word' id='word_1_44' title='bbox 1099 635 1238 687; x_wconf 89' lang='lat' dir='ltr'>esset</span> <span class='ocrx_word' id='word_1_45' title='bbox 1274 634 1449 701; x_wconf 89' lang='lat' dir='ltr'>aliqua</span> <span class='ocrx_word' id='word_1_46' title='bbox 1484 632 1632 686; x_wconf 87' lang='lat' dir='ltr'>Aura</span> <span class='ocrx_word' id='word_1_47' title='bbox 1667 634 1892 699; x_wconf 91' lang='lat' dir='ltr'>nomine,</span> <span class='ocrx_word' id='word_1_48' title='bbox 1931 635 2077 687; x_wconf 91' lang='lat' dir='ltr'>cuius</span> <span class='ocrx_word' id='word_1_49' title='bbox 2114 636 2201 688; x_wconf 92' lang='lat' dir='ltr'>ille</span> 
     </span>
     <span class='ocr_line' id='line_1_7' title="bbox 115 717 2202 788; baseline 0.001 -18"><span class='ocrx_word' id='word_1_50' title='bbox 115 717 396 787; x_wconf 87' lang='lat' dir='ltr'>cupiditate</span> <span class='ocrx_word' id='word_1_51' title='bbox 433 717 671 787; x_wconf 87' lang='lat' dir='ltr'>inpulsus</span> <span class='ocrx_word' id='word_1_52' title='bbox 709 732 740 770; x_wconf 91' lang='lat' dir='ltr'>a</span> <span class='ocrx_word' id='word_1_53' title='bbox 777 733 832 771; x_wconf 86' lang='lat' dir='ltr'>se</span> <span class='ocrx_word' id='word_1_54' title='bbox 871 718 1200 783; x_wconf 80' lang='lat' dir='ltr'>alienaretur,</span> <span class='ocrx_word' id='word_1_55' title='bbox 1237 717 1497 787; x_wconf 85' lang='lat' dir='ltr'>Cephalus</span> <span class='ocrx_word' id='word_1_56' title='bbox 1521 719 1700 787; x_wconf 92' lang='lat' dir='ltr'>procul</span> <span class='ocrx_word' id='word_1_57' title='bbox 1729 719 2027 788; x_wconf 81' lang='lat' dir='ltr'>speculatus</span> <span class='ocrx_word' id='word_1_58' title='bbox 2052 719 2202 773; x_wconf 86' lang='lat' dir='ltr'>vehe-</span> 
     </span>
     <span class='ocr_line' id='line_1_8' title="bbox 113 801 2202 870; baseline 0.001 -15"><span class='ocrx_word' id='word_1_59' title='bbox 113 802 340 861; x_wconf 89' lang='lat' dir='ltr'>mentius</span> <span class='ocrx_word' id='word_1_60' title='bbox 383 802 578 856; x_wconf 87' lang='lat' dir='ltr'>moveri</span> <span class='ocrx_word' id='word_1_61' title='bbox 621 802 869 870; x_wconf 85' lang='lat' dir='ltr'>virgulta,</span> <span class='ocrx_word' id='word_1_62' title='bbox 920 802 1046 855; x_wconf 93' lang='lat' dir='ltr'>dum</span> <span class='ocrx_word' id='word_1_63' title='bbox 1081 803 1243 857; x_wconf 90' lang='lat' dir='ltr'>latere</span> <span class='ocrx_word' id='word_1_64' title='bbox 1280 801 1446 856; x_wconf 84' lang='lat' dir='ltr'>feram</span> <span class='ocrx_word' id='word_1_65' title='bbox 1483 803 1747 857; x_wconf 83' lang='lat' dir='ltr'>existimat</span> <span class='ocrx_word' id='word_1_66' title='bbox 1783 819 1842 857; x_wconf 91' lang='lat' dir='ltr'>eo</span> <span class='ocrx_word' id='word_1_67' title='bbox 1878 804 1991 857; x_wconf 91' lang='lat' dir='ltr'>loco</span> <span class='ocrx_word' id='word_1_68' title='bbox 2026 820 2202 858; x_wconf 90' lang='lat' dir='ltr'>recon-</span> 
     </span>
     <span class='ocr_line' id='line_1_9' title="bbox 113 887 2204 957; baseline 0.001 -17"><span class='ocrx_word' id='word_1_69' title='bbox 113 887 298 957; x_wconf 86' lang='lat' dir='ltr'>ditam,</span> <span class='ocrx_word' id='word_1_70' title='bbox 341 887 510 941; x_wconf 89' lang='lat' dir='ltr'>iaculo</span> <span class='ocrx_word' id='word_1_71' title='bbox 548 887 737 940; x_wconf 90' lang='lat' dir='ltr'>emisso</span> <span class='ocrx_word' id='word_1_72' title='bbox 776 888 1051 955; x_wconf 91' lang='lat' dir='ltr'>coniugem</span> <span class='ocrx_word' id='word_1_73' title='bbox 1087 888 1370 957; x_wconf 91' lang='lat' dir='ltr'>inprudens</span> <span class='ocrx_word' id='word_1_74' title='bbox 1406 887 1680 942; x_wconf 84' lang='lat' dir='ltr'>interfecit.</span> <span class='ocrx_word' id='word_1_75' title='bbox 1738 888 1901 942; x_wconf 89' lang='lat' dir='ltr'>fertur</span> <span class='ocrx_word' id='word_1_76' title='bbox 1937 890 2113 943; x_wconf 87' lang='lat' dir='ltr'>antem</span> <span class='ocrx_word' id='word_1_77' title='bbox 2151 891 2204 942; x_wconf 90' lang='lat' dir='ltr'>et</span> 
     </span>
     <span class='ocr_line' id='line_1_10' title="bbox 113 971 2203 1042; baseline 0.002 -18"><span class='ocrx_word' id='word_1_78' title='bbox 113 971 278 1025; x_wconf 89' lang='lat' dir='ltr'>telum</span> <span class='ocrx_word' id='word_1_79' title='bbox 315 987 437 1025; x_wconf 90' lang='lat' dir='ltr'>cum</span> <span class='ocrx_word' id='word_1_80' title='bbox 473 987 599 1025; x_wconf 91' lang='lat' dir='ltr'>cane</span> <span class='ocrx_word' id='word_1_81' title='bbox 637 973 702 1025; x_wconf 88' lang='lat' dir='ltr'>ab</span> <span class='ocrx_word' id='word_1_82' title='bbox 742 972 925 1025; x_wconf 89' lang='lat' dir='ltr'>eadem</span> <span class='ocrx_word' id='word_1_83' title='bbox 962 973 1178 1040; x_wconf 87' lang='lat' dir='ltr'>coniuge</span> <span class='ocrx_word' id='word_1_84' title='bbox 1216 972 1491 1027; x_wconf 85' lang='lat' dir='ltr'>interfecta</span> <span class='ocrx_word' id='word_1_85' title='bbox 1514 973 1755 1027; x_wconf 90' lang='lat' dir='ltr'>Procride</span> <span class='ocrx_word' id='word_1_86' title='bbox 1781 973 2008 1042; x_wconf 90' lang='lat' dir='ltr'>Cephalo</span> <span class='ocrx_word' id='word_1_87' title='bbox 2039 974 2203 1028; x_wconf 88' lang='lat' dir='ltr'>tribu·</span> 
     </span>
     <span class='ocr_line' id='line_1_11' title="bbox 111 1056 2202 1128; baseline 0.001 -19"><span class='ocrx_word' id='word_1_88' title='bbox 111 1057 247 1121; x_wconf 89' lang='lat' dir='ltr'>tum,</span> <span class='ocrx_word' id='word_1_89' title='bbox 291 1057 438 1109; x_wconf 90' lang='lat' dir='ltr'>cuius</span> <span class='ocrx_word' id='word_1_90' title='bbox 482 1056 592 1110; x_wconf 85' lang='lat' dir='ltr'>vim</span> <span class='ocrx_word' id='word_1_91' title='bbox 630 1057 695 1110; x_wconf 92' lang='lat' dir='ltr'>ob</span> <span class='ocrx_word' id='word_1_92' title='bbox 739 1058 873 1110; x_wconf 92' lang='lat' dir='ltr'>iram</span> <span class='ocrx_word' id='word_1_93' title='bbox 908 1059 1138 1110; x_wconf 87' lang='lat' dir='ltr'>Aurorae</span> <span class='ocrx_word' id='word_1_94' title='bbox 1191 1057 1430 1111; x_wconf 89' lang='lat' dir='ltr'>similiter</span> <span class='ocrx_word' id='word_1_95' title='bbox 1465 1060 1525 1111; x_wconf 90' lang='lat' dir='ltr'>ut</span> <span class='ocrx_word' id='word_1_96' title='bbox 1559 1058 1698 1112; x_wconf 89' lang='lat' dir='ltr'>ferae</span> <span class='ocrx_word' id='word_1_97' title='bbox 1735 1059 1800 1112; x_wconf 88' lang='lat' dir='ltr'>ab</span> <span class='ocrx_word' id='word_1_98' title='bbox 1839 1074 1899 1112; x_wconf 94' lang='lat' dir='ltr'>eo</span> <span class='ocrx_word' id='word_1_99' title='bbox 1935 1059 2202 1128; x_wconf 86' lang='lat' dir='ltr'>perculsae</span> 
     </span>
     <span class='ocr_line' id='line_1_12' title="bbox 113 1140 1187 1211; baseline 0.001 -17"><span class='ocrx_word' id='word_1_100' title='bbox 113 1140 339 1194; x_wconf 86' lang='lat' dir='ltr'>maximo</span> <span class='ocrx_word' id='word_1_101' title='bbox 376 1156 496 1194; x_wconf 91' lang='lat' dir='ltr'>cum</span> <span class='ocrx_word' id='word_1_102' title='bbox 531 1142 679 1195; x_wconf 91' lang='lat' dir='ltr'>luctu</span> <span class='ocrx_word' id='word_1_103' title='bbox 716 1142 812 1195; x_wconf 87' lang='lat' dir='ltr'>viri</span> <span class='ocrx_word' id='word_1_104' title='bbox 848 1144 1056 1211; x_wconf 82' lang='lat' dir='ltr'>experta</span> <span class='ocrx_word' id='word_1_105' title='bbox 1092 1144 1187 1196; x_wconf 90' lang='lat' dir='ltr'>est.</span> 
     </span>
    </p>
   </div>
   <div class='ocr_carea' id='block_1_7' title="bbox 106 1295 2203 1990">
    <p class='ocr_par' dir='ltr' id='par_1_7' title="bbox 107 1295 2203 1776">
     <span class='ocr_line' id='line_1_13' title="bbox 112 1295 2201 1353; baseline 0 -13"><span class='ocrx_word' id='word_1_106' title='bbox 112 1307 278 1351; x_wconf 87' lang='lat' dir='ltr'>pecora</span> <span class='ocrx_word' id='word_1_107' title='bbox 306 1300 355 1340; x_wconf 92' lang='lat' dir='ltr'>et</span> <span class='ocrx_word' id='word_1_108' title='bbox 382 1300 584 1351; x_wconf 85' lang='lat' dir='ltr'>agrestes</span> <span class='ocrx_word' id='word_1_109' title='bbox 615 1295 827 1341; x_wconf 84' lang='lat' dir='ltr'>vexabat.</span> <span class='ocrx_word' id='word_1_110' title='bbox 886 1296 959 1340; x_wconf 90' lang='lat' dir='ltr'>Ad</span> <span class='ocrx_word' id='word_1_111' title='bbox 998 1308 1136 1352; x_wconf 89' lang='lat' dir='ltr'>quam</span> <span class='ocrx_word' id='word_1_112' title='bbox 1173 1295 1516 1352; x_wconf 87' lang='lat' dir='ltr'>opprimendam</span> <span class='ocrx_word' id='word_1_113' title='bbox 1547 1309 1646 1340; x_wconf 91' lang='lat' dir='ltr'>cum</span> <span class='ocrx_word' id='word_1_114' title='bbox 1686 1295 1860 1353; x_wconf 85' lang='lat' dir='ltr'>reliqua</span> <span class='ocrx_word' id='word_1_115' title='bbox 1891 1296 2104 1342; x_wconf 85' lang='lat' dir='ltr'>Graeciae</span> <span class='ocrx_word' id='word_1_116' title='bbox 2133 1297 2201 1341; x_wconf 91' lang='lat' dir='ltr'>iu-</span> 
     </span>
     <span class='ocr_line' id='line_1_14' title="bbox 108 1366 2201 1424; baseline 0.001 -14"><span class='ocrx_word' id='word_1_117' title='bbox 108 1370 300 1411; x_wconf 82' lang='lat' dir='ltr'>ventute</span> <span class='ocrx_word' id='word_1_118' title='bbox 343 1366 559 1411; x_wconf 87' lang='lat' dir='ltr'>convenit</span> <span class='ocrx_word' id='word_1_119' title='bbox 605 1366 831 1423; x_wconf 85' lang='lat' dir='ltr'>Cephalus</span> <span class='ocrx_word' id='word_1_120' title='bbox 874 1380 975 1412; x_wconf 85' lang='lat' dir='ltr'>eum</span> <span class='ocrx_word' id='word_1_121' title='bbox 1022 1366 1170 1411; x_wconf 88' lang='lat' dir='ltr'>iaculo</span> <span class='ocrx_word' id='word_1_122' title='bbox 1218 1372 1264 1411; x_wconf 89' lang='lat' dir='ltr'>et</span> <span class='ocrx_word' id='word_1_123' title='bbox 1305 1366 1502 1422; x_wconf 86' lang='lat' dir='ltr'>Laelape</span> <span class='ocrx_word' id='word_1_124' title='bbox 1546 1379 1656 1411; x_wconf 86' lang='lat' dir='ltr'>cane</span> <span class='ocrx_word' id='word_1_125' title='bbox 1692 1380 1719 1411; x_wconf 87' lang='lat' dir='ltr'>a</span> <span class='ocrx_word' id='word_1_126' title='bbox 1755 1367 1964 1412; x_wconf 88' lang='lat' dir='ltr'>Procride</span> <span class='ocrx_word' id='word_1_127' title='bbox 2000 1373 2201 1424; x_wconf 88' lang='lat' dir='ltr'>accepto.</span> 
     </span>
     <span class='ocr_line' id='line_1_15' title="bbox 109 1436 2201 1494; baseline 0.001 -13"><span class='ocrx_word' id='word_1_128' title='bbox 109 1436 195 1492; x_wconf 85' lang='lat' dir='ltr'>Qui</span> <span class='ocrx_word' id='word_1_129' title='bbox 238 1449 338 1481; x_wconf 89' lang='lat' dir='ltr'>cum</span> <span class='ocrx_word' id='word_1_130' title='bbox 384 1437 547 1481; x_wconf 91' lang='lat' dir='ltr'>missus</span> <span class='ocrx_word' id='word_1_131' title='bbox 593 1437 776 1494; x_wconf 87' lang='lat' dir='ltr'>vulpem</span> <span class='ocrx_word' id='word_1_132' title='bbox 821 1443 1167 1494; x_wconf 85' lang='lat' dir='ltr'>persequeretur</span> <span class='ocrx_word' id='word_1_133' title='bbox 1203 1442 1413 1493; x_wconf 87' lang='lat' dir='ltr'>essetque</span> <span class='ocrx_word' id='word_1_134' title='bbox 1452 1436 1676 1493; x_wconf 86' lang='lat' dir='ltr'>Cephalus</span> <span class='ocrx_word' id='word_1_135' title='bbox 1725 1437 1865 1481; x_wconf 91' lang='lat' dir='ltr'>telum</span> <span class='ocrx_word' id='word_1_136' title='bbox 1903 1438 2201 1492; x_wconf 77' lang='lat' dir='ltr'>coniecturas,</span> 
     </span>
     <span class='ocr_line' id='line_1_16' title="bbox 112 1507 2203 1564; baseline 0.001 -12"><span class='ocrx_word' id='word_1_137' title='bbox 112 1512 355 1564; x_wconf 90' lang='lat' dir='ltr'>utrumque</span> <span class='ocrx_word' id='word_1_138' title='bbox 384 1507 563 1564; x_wconf 85' lang='lat' dir='ltr'>aspexit</span> <span class='ocrx_word' id='word_1_139' title='bbox 590 1508 637 1551; x_wconf 87' lang='lat' dir='ltr'>in</span> <span class='ocrx_word' id='word_1_140' title='bbox 667 1521 825 1553; x_wconf 82' lang='lat' dir='ltr'>saxum</span> <span class='ocrx_word' id='word_1_141' title='bbox 856 1511 1185 1553; x_wconf 87' lang='lat' dir='ltr'>commutatum</span> <span class='ocrx_word' id='word_1_142' title='bbox 1226 1508 1241 1563; x_wconf 73' lang='grc' dir='ltr'>ΙΙ</span> <span class='ocrx_word' id='word_1_143' title='bbox 1281 1507 1579 1563; x_wconf 76' lang='lat' dir='ltr'>interpolavit</span> <span class='ocrx_word' id='word_1_144' title='bbox 1605 1507 1710 1552; x_wconf 80' lang='lat' dir='ltr'>haee</span> <span class='ocrx_word' id='word_1_145' title='bbox 1738 1507 2008 1564; x_wconf 66' lang='lat' dir='ltr'>Rae‘nerim,</span> <span class='ocrx_word' id='word_1_146' title='bbox 2038 1509 2203 1554; x_wconf 79' lang='lat' dir='ltr'>habent</span> 
     </span>
     <span class='ocr_line' id='line_1_17' title="bbox 111 1577 2199 1635; baseline 0.001 -13"><span class='ocrx_word' id='word_1_147' title='bbox 111 1578 213 1635; x_wconf 83' lang='lat' dir='ltr'>edd,</span> <span class='ocrx_word' id='word_1_148' title='bbox 241 1592 335 1623; x_wconf 78' lang='lat' dir='ltr'>non</span> <span class='ocrx_word' id='word_1_149' title='bbox 364 1578 530 1624; x_wconf 80' lang='lat' dir='ltr'>habent</span> <span class='ocrx_word' id='word_1_150' title='bbox 561 1580 606 1623; x_wconf 89' lang='grc'><strong>0</strong></span> <span class='ocrx_word' id='word_1_151' title='bbox 623 1580 677 1626; x_wconf 90' lang='lat' dir='ltr'>V.</span> <span class='ocrx_word' id='word_1_152' title='bbox 735 1580 876 1623; x_wconf 85' lang='lat' dir='ltr'>immo</span> <span class='ocrx_word' id='word_1_153' title='bbox 904 1578 1111 1635; x_wconf 77' lang='lat' dir='ltr'>sequitur</span> <span class='ocrx_word' id='word_1_154' title='bbox 1130 1580 1182 1622; x_wconf 80' lang='lat' dir='ltr'>in</span> <span class='ocrx_word' id='word_1_155' title='bbox 1211 1578 1282 1622; x_wconf 79' lang='lat' dir='ltr'>his</span> <span class='ocrx_word' id='word_1_156' title='bbox 1302 1581 1414 1634; x_wconf 77' lang='lat' dir='ltr'>post</span> <span class='ocrx_word' id='word_1_157' title='bbox 1431 1577 1688 1623; x_wconf 84' lang='lat' dir='ltr'>recondidit</span> <span class='ocrx_word' id='word_1_158' title='bbox 1716 1578 1908 1623; x_wconf 90' lang='lat' dir='ltr'>saltibus</span> <span class='ocrx_word' id='word_1_159' title='bbox 1938 1584 1992 1635; x_wconf 77' lang='lat' dir='ltr'>(p</span> <span class='ocrx_word' id='word_1_160' title='bbox 2013 1580 2199 1634; x_wconf 65' lang='lat'><em>67218)</em></span> 
     </span>
     <span class='ocr_line' id='line_1_18' title="bbox 107 1648 2199 1705; baseline 0 -11"><span class='ocrx_word' id='word_1_161' title='bbox 107 1649 206 1694; x_wconf 74' lang='lat' dir='ltr'>aine</span> <span class='ocrx_word' id='word_1_162' title='bbox 233 1649 472 1694; x_wconf 81' lang='lat' dir='ltr'>intervallo</span> <span class='ocrx_word' id='word_1_163' title='bbox 515 1648 590 1694; x_wconf 91' lang='lat' dir='ltr'>hic</span> <span class='ocrx_word' id='word_1_164' title='bbox 626 1662 727 1694; x_wconf 91' lang='lat' dir='ltr'>cum</span> <span class='ocrx_word' id='word_1_165' title='bbox 767 1649 951 1694; x_wconf 87' lang='lat' dir='ltr'>assidue</span> <span class='ocrx_word' id='word_1_166' title='bbox 987 1663 1036 1704; x_wconf 77' lang='lat' dir='ltr'>sq</span> <span class='ocrx_word' id='word_1_167' title='bbox 1065 1649 1160 1702; x_wconf 78' lang='lat' dir='ltr'>(lin</span> <span class='ocrx_word' id='word_1_168' title='bbox 1191 1649 1247 1703; x_wconf 86' lang='lat' dir='ltr'>I),</span> <span class='ocrx_word' id='word_1_169' title='bbox 1299 1648 1368 1693; x_wconf 91' lang='lat' dir='ltr'>ita</span> <span class='ocrx_word' id='word_1_170' title='bbox 1406 1651 1462 1693; x_wconf 85' lang='lat' dir='ltr'>ut</span> <span class='ocrx_word' id='word_1_171' title='bbox 1486 1649 1593 1705; x_wconf 78' lang='lat' dir='ltr'>sabb</span> <span class='ocrx_word' id='word_1_172' title='bbox 1622 1648 1830 1695; x_wconf 87' lang='lat' dir='ltr'><strong><em>XXVII</em></strong></span> <span class='ocrx_word' id='word_1_173' title='bbox 1845 1653 1889 1695; x_wconf 85' lang='lat' dir='ltr'>et</span> <span class='ocrx_word' id='word_1_174' title='bbox 1907 1649 2085 1694; x_wconf 88' lang='lat' dir='ltr'><strong><em>XXIX</em></strong></span> <span class='ocrx_word' id='word_1_175' title='bbox 2105 1665 2199 1695; x_wconf 79' lang='lat' dir='ltr'>una</span> 
     </span>
     <span class='ocr_line' id='line_1_19' title="bbox 107 1720 661 1776; baseline 0.004 -12"><span class='ocrx_word' id='word_1_176' title='bbox 107 1721 346 1776; x_wconf 80' lang='lat' dir='ltr'>eademque</span> <span class='ocrx_word' id='word_1_177' title='bbox 373 1720 437 1765; x_wconf 80' lang='lat' dir='ltr'>sit</span> <span class='ocrx_word' id='word_1_178' title='bbox 462 1721 515 1765; x_wconf 82' lang='lat' dir='ltr'>in</span> <span class='ocrx_word' id='word_1_179' title='bbox 548 1721 594 1765; x_wconf 89' lang='grc' dir='ltr'><em>Ο</em></span> <span class='ocrx_word' id='word_1_180' title='bbox 614 1721 661 1767; x_wconf 92' lang='lat' dir='ltr'><strong><em>V</em></strong></span> 
     </span>
    </p>

    <p class='ocr_par' dir='ltr' id='par_1_8' title="bbox 106 1790 2201 1990">
     <span class='ocr_line' id='line_1_20' title="bbox 247 1790 2201 1848; baseline 0 -12"><span class='ocrx_word' id='word_1_181' title='bbox 247 1791 277 1835; x_wconf 81' lang='lat'>2</span> <span class='ocrx_word' id='word_1_182' title='bbox 305 1790 539 1848; x_wconf 54' lang='lat' dir='ltr'>refrigersa</span> <span class='ocrx_word' id='word_1_183' title='bbox 578 1804 639 1836; x_wconf 78' lang='lat' dir='ltr'>ex</span> <span class='ocrx_word' id='word_1_184' title='bbox 675 1791 811 1845; x_wconf 88' lang='lat' dir='ltr'>e)ntis</span> <span class='ocrx_word' id='word_1_185' title='bbox 840 1791 922 1846; x_wconf 87' lang='grc' dir='ltr'>Μ,</span> <span class='ocrx_word' id='word_1_186' title='bbox 965 1790 1222 1847; x_wconf 80' lang='lat' dir='ltr'>refrigerari</span> <span class='ocrx_word' id='word_1_187' title='bbox 1258 1790 1484 1847; x_wconf 88' lang='lat' dir='ltr'>cupientis</span> <span class='ocrx_word' id='word_1_188' title='bbox 1519 1790 1746 1835; x_wconf 77' lang='lat' dir='ltr'>Munclcer</span> <span class='ocrx_word' id='word_1_189' title='bbox 1900 1791 1987 1846; x_wconf 78' lang='lat' dir='ltr'>38q</span> <span class='ocrx_word' id='word_1_190' title='bbox 2017 1797 2201 1837; x_wconf 88' lang='lat' dir='ltr'>uocaret</span> 
     </span>
     <span class='ocr_line' id='line_1_21' title="bbox 108 1861 2201 1919; baseline 0 -12"><span class='ocrx_word' id='word_1_191' title='bbox 108 1863 170 1907; x_wconf 99' lang='lat' dir='ltr'><em>N</em></span> <span class='ocrx_word' id='word_1_192' title='bbox 228 1863 243 1919; x_wconf 77' lang='grc' dir='ltr'>ΙΙ</span> <span class='ocrx_word' id='word_1_193' title='bbox 307 1861 516 1918; x_wconf 85' lang='lat' dir='ltr'>uirgultis</span> <span class='ocrx_word' id='word_1_194' title='bbox 561 1862 674 1906; x_wconf 90' lang='lat' dir='ltr'>sime</span> <span class='ocrx_word' id='word_1_195' title='bbox 717 1863 812 1916; x_wconf 81' lang='lat' dir='ltr'>(sic)</span> <span class='ocrx_word' id='word_1_196' title='bbox 851 1861 1060 1906; x_wconf 89' lang='lat' dir='ltr'>recondit</span> <span class='ocrx_word' id='word_1_197' title='bbox 1093 1863 1154 1906; x_wconf 93' lang='lat' dir='ltr'><em>N</em></span> <span class='ocrx_word' id='word_1_198' title='bbox 1306 1862 1336 1906; x_wconf 70' lang='lat'>4</span> <span class='ocrx_word' id='word_1_199' title='bbox 1379 1865 1422 1915; x_wconf 88' lang='lat' dir='ltr'>(a</span> <span class='ocrx_word' id='word_1_200' title='bbox 1452 1875 1508 1904; x_wconf 75' lang='lat' dir='ltr'>em</span> <span class='ocrx_word' id='word_1_201' title='bbox 1535 1874 1638 1905; x_wconf 81' lang='lat' dir='ltr'>corr</span> <span class='ocrx_word' id='word_1_202' title='bbox 1663 1875 1710 1905; x_wconf 83' lang='lat' dir='ltr'>m</span> <span class='ocrx_word' id='word_1_203' title='bbox 1737 1861 1779 1915; x_wconf 88' lang='grc'>2,</span> <span class='ocrx_word' id='word_1_204' title='bbox 1817 1874 1843 1906; x_wconf 92' lang='lat' dir='ltr'>e</span> <span class='ocrx_word' id='word_1_205' title='bbox 1870 1861 1970 1918; x_wconf 79' lang='lat' dir='ltr'>fort</span> <span class='ocrx_word' id='word_1_206' title='bbox 2010 1862 2201 1919; x_wconf 82' lang='lat' dir='ltr'>fuit)ura</span> 
     </span>
     <span class='ocr_line' id='line_1_22' title="bbox 106 1931 2199 1990; baseline 0 -12"><span class='ocrx_word' id='word_1_207' title='bbox 106 1933 180 1978; x_wconf 82' lang='lat' dir='ltr'><strong><em>M</em></strong></span> <span class='ocrx_word' id='word_1_208' title='bbox 277 1932 308 1977; x_wconf 85' lang='grc'><strong>6</strong></span> <span class='ocrx_word' id='word_1_209' title='bbox 335 1931 503 1988; x_wconf 80' lang='lat' dir='ltr'>uirguss</span> <span class='ocrx_word' id='word_1_210' title='bbox 532 1932 788 1987; x_wconf 71' lang='lat' dir='ltr'>evanidam,</span> <span class='ocrx_word' id='word_1_211' title='bbox 818 1932 1006 1977; x_wconf 76' lang='lat' dir='ltr'>iteravit</span> <span class='ocrx_word' id='word_1_212' title='bbox 1032 1932 1149 1990; x_wconf 71' lang='lat' dir='ltr'>imq</span> <span class='ocrx_word' id='word_1_213' title='bbox 1168 1949 1210 1976; x_wconf 88' lang='lat' dir='ltr'>m</span> <span class='ocrx_word' id='word_1_214' title='bbox 1234 1931 1325 1983; x_wconf 85' lang='lat' dir='ltr'>I)ta</span> <span class='ocrx_word' id='word_1_215' title='bbox 1354 1932 1426 1976; x_wconf 84' lang='lat' dir='ltr'><strong><em>M</em></strong></span> <span class='ocrx_word' id='word_1_216' title='bbox 1470 1932 1485 1988; x_wconf 83' lang='grc' dir='ltr'>ΙΙ</span> <span class='ocrx_word' id='word_1_217' title='bbox 1534 1931 1676 1976; x_wconf 89' lang='lat' dir='ltr'>feram</span> <span class='ocrx_word' id='word_1_218' title='bbox 1706 1944 1767 1977; x_wconf 86' lang='lat' dir='ltr'>m</span> <span class='ocrx_word' id='word_1_219' title='bbox 1804 1931 1848 1977; x_wconf 91' lang='lat' dir='ltr'><strong><em>V</em></strong></span> <span class='ocrx_word' id='word_1_220' title='bbox 1869 1932 2017 1990; x_wconf 67' lang='lat' dir='ltr'>vulgo,</span> <span class='ocrx_word' id='word_1_221' title='bbox 2046 1947 2120 1978; x_wconf 86' lang='lat' dir='ltr'>om</span> <span class='ocrx_word' id='word_1_222' title='bbox 2154 1934 2199 1978; x_wconf 87' lang='grc'>0</span> 
     </span>
    </p>
   </div>
   <div class='ocr_carea' id='block_1_8' title="bbox 106 2002 2199 2292">
    <p class='ocr_par' dir='ltr' id='par_1_9' title="bbox 106 2002 2199 2292">
     <span class='ocr_line' id='line_1_23' title="bbox 108 2002 2199 2061; baseline 0 -12"><span class='ocrx_word' id='word_1_223' title='bbox 108 2005 194 2060; x_wconf 72' lang='lat' dir='ltr'>&#39;leq</span> <span class='ocrx_word' id='word_1_224' title='bbox 221 2002 449 2049; x_wconf 87' lang='lat' dir='ltr'>interfecit</span> <span class='ocrx_word' id='word_1_225' title='bbox 476 2005 541 2048; x_wconf 83' lang='lat' dir='ltr'><em>M</em></span> <span class='ocrx_word' id='word_1_226' title='bbox 573 2003 624 2058; x_wconf 89' lang='lat' dir='ltr'>V,</span> <span class='ocrx_word' id='word_1_227' title='bbox 654 2003 886 2049; x_wconf 87' lang='lat' dir='ltr'>interemit</span> <span class='ocrx_word' id='word_1_228' title='bbox 914 2005 976 2048; x_wconf 90' lang='lat' dir='ltr'><em>N</em></span> <span class='ocrx_word' id='word_1_229' title='bbox 1020 2003 1034 2059; x_wconf 75' lang='lat' dir='ltr'>ss</span> <span class='ocrx_word' id='word_1_230' title='bbox 1085 2007 1133 2048; x_wconf 89' lang='lat' dir='ltr'>et</span> <span class='ocrx_word' id='word_1_231' title='bbox 1161 2002 1302 2048; x_wconf 87' lang='lat' dir='ltr'>telum</span> <span class='ocrx_word' id='word_1_232' title='bbox 1336 2003 1382 2047; x_wconf 90' lang='grc' dir='ltr'><strong>Ο</strong></span> <span class='ocrx_word' id='word_1_233' title='bbox 1402 2003 1455 2058; x_wconf 95' lang='lat' dir='ltr'>V,</span> <span class='ocrx_word' id='word_1_234' title='bbox 1485 2002 1535 2047; x_wconf 89' lang='lat' dir='ltr'>id</span> <span class='ocrx_word' id='word_1_235' title='bbox 1563 2002 1639 2048; x_wconf 91' lang='lat' dir='ltr'>tel.</span> <span class='ocrx_word' id='word_1_236' title='bbox 1669 2002 1890 2061; x_wconf 74' lang='lat' dir='ltr'>Micyllus</span> <span class='ocrx_word' id='word_1_237' title='bbox 2036 2004 2065 2048; x_wconf 88' lang='lat'>8</span> <span class='ocrx_word' id='word_1_238' title='bbox 2094 2017 2199 2049; x_wconf 89' lang='lat' dir='ltr'>con-</span> 
     </span>
     <span class='ocr_line' id='line_1_24' title="bbox 106 2075 2199 2174; baseline 0 -14"><span class='ocrx_word' id='word_1_239' title='bbox 106 2117 215 2173; x_wconf 87' lang='lat' dir='ltr'>iuge</span> <span class='ocrx_word' id='word_1_240' title='bbox 250 2117 450 2174; x_wconf 88' lang='lat' dir='ltr'>prudens</span> <span class='ocrx_word' id='word_1_241' title='bbox 485 2116 683 2162; x_wconf 85' lang='lat' dir='ltr'>interfici</span> <span class='ocrx_word' id='word_1_242' title='bbox 719 2117 928 2174; x_wconf 87' lang='lat' dir='ltr'>proeride</span> <span class='ocrx_word' id='word_1_243' title='bbox 957 2118 1018 2162; x_wconf 94' lang='lat' dir='ltr'><em>N</em></span> <span class='ocrx_word' id='word_1_244' title='bbox 1061 2117 1076 2173; x_wconf 82' lang='grc' dir='ltr'>ΙΙ</span> <span class='ocrx_word' id='word_1_245' title='bbox 1126 2075 1398 2173; x_wconf 53' lang='grc' dir='ltr'>ίυῐθῑίθοῗῖθ</span> <span class='ocrx_word' id='word_1_246' title='bbox 1424 2117 1622 2162; x_wconf 81' lang='lat' dir='ltr'>alterum</span> <span class='ocrx_word' id='word_1_247' title='bbox 1650 2130 1710 2162; x_wconf 73' lang='lat' dir='ltr'>ea:</span> <span class='ocrx_word' id='word_1_248' title='bbox 1734 2116 1765 2170; x_wconf 90' lang='lat' dir='ltr'>i,</span> <span class='ocrx_word' id='word_1_249' title='bbox 1795 2115 1990 2161; x_wconf 87' lang='lat' dir='ltr'>interfici</span> <span class='ocrx_word' id='word_1_250' title='bbox 2019 2116 2199 2163; x_wconf 77' lang='lat' dir='ltr'>videtur</span> 
     </span>
     <span class='ocr_line' id='line_1_25' title="bbox 106 2188 2198 2292; baseline 0.001 -18"><span class='ocrx_word' id='word_1_251' title='bbox 106 2230 265 2287; x_wconf 73' lang='lat' dir='ltr'>fuisse)</span> <span class='ocrx_word' id='word_1_252' title='bbox 293 2230 374 2284; x_wconf 83' lang='lat' dir='ltr'>M,</span> <span class='ocrx_word' id='word_1_253' title='bbox 403 2229 640 2275; x_wconf 84' lang='lat' dir='ltr'>interfecta</span> <span class='ocrx_word' id='word_1_254' title='bbox 668 2244 742 2276; x_wconf 86' lang='lat' dir='ltr'>om</span> <span class='ocrx_word' id='word_1_255' title='bbox 763 2230 810 2277; x_wconf 96' lang='lat' dir='ltr'><strong><em>V</em></strong></span> <span class='ocrx_word' id='word_1_256' title='bbox 888 2231 918 2275; x_wconf 80' lang='lat'>9</span> <span class='ocrx_word' id='word_1_257' title='bbox 946 2188 1153 2292; x_wconf 48' lang='lat' dir='ltr'>aurrgM</span> <span class='ocrx_word' id='word_1_258' title='bbox 1235 2229 1348 2286; x_wconf 72' lang='lat' dir='ltr'>losq</span> <span class='ocrx_word' id='word_1_259' title='bbox 1377 2229 1853 2287; x_wconf 85' lang='lat' dir='ltr'>perculsae—experta</span> <span class='ocrx_word' id='word_1_260' title='bbox 1873 2234 1955 2283; x_wconf 86' lang='lat' dir='ltr'>est]</span> <span class='ocrx_word' id='word_1_261' title='bbox 1988 2231 2198 2287; x_wconf 74' lang='lat' dir='ltr'>maryine</span> 
     </span>
    </p>
   </div>
   <div class='ocr_carea' id='block_1_9' title="bbox 106 2299 612 2346">
    <p class='ocr_par' dir='ltr' id='par_1_10' title="bbox 106 2299 612 2346">
     <span class='ocr_line' id='line_1_26' title="bbox 106 2299 612 2346; baseline 0.004 -2"><span class='ocrx_word' id='word_1_262' title='bbox 106 2299 250 2346; x_wconf 76' lang='lat' dir='ltr'>deciso</span> <span class='ocrx_word' id='word_1_263' title='bbox 278 2301 445 2346; x_wconf 72' lang='lat' dir='ltr'>desunt</span> <span class='ocrx_word' id='word_1_264' title='bbox 471 2302 523 2346; x_wconf 81' lang='lat' dir='ltr'>in</span> <span class='ocrx_word' id='word_1_265' title='bbox 552 2302 612 2346; x_wconf 97' lang='lat' dir='ltr'><em>N</em></span> 
     </span>
    </p>
   </div>
   <div class='ocr_carea' id='block_1_10' title="bbox 186 3777 1839 3816">
    <p class='ocr_par' dir='ltr' id='par_1_11' title="bbox 186 3777 1839 3816">
     <span class='ocr_line' id='line_1_27' title="bbox 186 3777 1839 3816; baseline 0.001 -2"><span class='ocrx_word' id='word_1_266' title='bbox 186 3778 286 3815; x_wconf 80' lang='lat' dir='ltr'>Ovm</span> <span class='ocrx_word' id='word_1_267' title='bbox 309 3777 468 3812; x_wconf 64' lang='lat' dir='ltr'>Min-Am</span> <span class='ocrx_word' id='word_1_268' title='bbox 1787 3777 1839 3816; x_wconf 88' lang='lat'>43</span> 
     </span>
    </p>
   </div>
  </div>
 </body>
</html>
