2580 4088
375 197 478 245 636
898 199 1121 244 Lactantii
1149 199 1322 245 Placidi
1352 200 1430 255 qui
1461 199 1624 244 dicitur
1651 198 1947 244 narrationes.

372 355 704 409 conpressore
754 342 810 394 in
858 357 1071 395 vaccam
1118 344 1199 394 est
1246 341 1626 408 transfigurata.
1671 341 1818 394 cuius
1865 341 2128 396 fallaciam
2163 342 2295 397 Iuno
2343 360 2465 398 cum

369 426 727 491 intellexisset,
765 427 896 495 petit
933 442 1051 479 eam
1087 427 1152 479 ab
1191 425 1338 478 Iove:
1376 427 1519 478 velut
1554 442 1747 479 munus
1779 426 1877 480 sibi
1904 427 2049 480 daret
2072 443 2301 488 vaccam,
2341 429 2464 497 quia

368 511 755 578 speciosissima
782 513 893 564 erat
919 511 1103 563 ceteris
1129 511 1392 575 armentis,
1433 526 1564 578 quae
1604 511 1658 562 in
1684 510 2061 579 Peloponnensi
2085 528 2246 580 regno
2271 516 2459 567 essent.

366 595 600 663 Iuppiter
636 612 769 664 vero,
808 612 888 659 ne,
941 596 986 648 si
1021 596 1279 662 negasset,
1333 596 1571 664 proderet
1606 596 1859 663 puellam,
1915 596 2091 664 itaque
2129 597 2312 651 tribuit
2347 614 2463 652 con-

364 687 558 739 festim.
616 681 747 734 Iuno
798 682 998 743 autem,
1034 695 1100 733 ne
1138 679 1361 747 amplius
1399 681 1510 732 eius
1547 680 1727 748 paelex
1764 696 1886 733 cum
1922 681 2042 734 Iove
2080 683 2461 752 concumberet,
2498 695 2523 736 5

362 771 579 838 Argum,
623 767 881 822 Arestoris
906 765 1088 829 filium,
1126 768 1338 817 centum
1367 766 1542 818 oculos
1568 766 1849 818 habentem
1874 766 1920 819 ei
1947 768 2256 835 praeposuit.
2305 783 2460 836 quem

362 855 657 909 Mercurius
694 852 857 921 patris
895 851 1042 903 iussu
1077 850 1343 902 interemit
1380 851 1432 903 et
1457 866 1488 903 a
1513 866 1638 903 casu
1663 850 1773 903 eius
1797 852 2143 919 Argiphontes
2169 853 2250 905 est
2274 868 2462 921 cogno-

361 941 607 993 minatus.
670 939 803 990 Iuno
839 939 1064 1002 Argum,
1111 950 1267 1002 quem
1319 935 1382 988 ob
1431 935 1721 988 custodiam
1765 937 2050 1002 occiderat,
2095 938 2151 989 in
2196 937 2459 992 volucrem

359 1041 613 1092 pavonem
652 1020 1042 1076 transformavit
1066 1019 1409 1088 eti-receptum
1434 1020 1489 1072 in
1515 1036 1665 1073 suam
1691 1022 1912 1074 tutelam
1936 1023 2121 1090 pennis
2145 1023 2454 1091 insignibuS‚

167 1115 249 1164 fab
278 1114 329 1156 11
362 1110 549 1176 quibus
589 1109 784 1161 amissa
820 1106 1021 1158 lumina
1055 1104 1331 1169 indicaret,
1370 1107 1571 1158 ornavit
1782 1107 2020 1175 Iuppiter
2056 1108 2221 1160 mittit
2255 1108 2455 1162 Mercu·
2494 1117 2542 1159 ιο

362 1195 498 1246 rium
535 1194 590 1245 in
628 1193 814 1246 habitu
850 1191 1073 1259 pastoris
1111 1190 1177 1243 ad
1213 1192 1413 1258 Argum
1450 1191 1806 1259 supradictum
1843 1191 2258 1245 interficiendum

155 1283 238 1332 sab
270 1282 331 1324 12
362 1279 589 1346 Syringa
625 1277 978 1346 nympharum
1013 1276 1277 1340 naladum,
1315 1291 1447 1343 quae
1485 1277 1622 1329 circa
1646 1276 2001 1329 Nonacrinum
2037 1280 2270 1330 montem
2293 1279 2452 1330 Arca-

353 1363 466 1416 diae
504 1365 844 1431 vagabantur,
886 1361 1267 1430 speciosissima
1303 1361 1537 1429 proditur
1572 1360 1761 1414 fuisse'
1798 1377 1956 1429 quam
1992 1378 2113 1415 cum
2148 1361 2277 1428 Pan,
2315 1363 2452 1416 Mer-

352 1449 482 1500 curii
530 1449 684 1512 filius,
741 1448 1040 1500 adamasset
1087 1449 1140 1499 et
1186 1462 1303 1499 eam
1346 1450 1741 1514 persequeretur
1787 1450 1840 1500 et
1887 1447 1955 1500 ad.
1991 1463 2200 1501 amnem
2235 1447 2449 1502 Ladona

349 1534 601 1587 Arcadiae
640 1532 979 1601 conpulisset,
1026 1547 1092 1585 ne
1135 1531 1187 1584 vi
1232 1533 1530 1584 castitatem
1578 1531 1831 1600 deponere
1880 1535 2168 1600 cogeretur,
2213 1549 2448 1587 sororum
2485 1540 2533 1582 15

348 1620 536 1672 auxilio
583 1619 639 1671 in
690 1617 1038 1670 harundinem
1074 1632 1321 1669 conversa
1358 1619 1451 1669 est.
1506 1633 1566 1669 ex
1603 1618 1793 1685 quibus
1829 1617 2007 1671 fistula
2043 1620 2124 1671 est
2159 1618 2444 1698 conposita,

347 1719 478 1770 quae
530 1705 740 1757 nomine
794 1703 906 1755 eius
964 1702 1101 1770 apud
1155 1700 1379 1755 Graecos
1421 1702 1643 1770 Syringa
1692 1705 2037 1771 nuncupatur.
2085 1704 2234 1756 cuius
2287 1704 2446 1756 cantu

347 1792 517 1855 Argus
555 1790 610 1840 in
649 1804 859 1842 somnos
900 1787 1179 1855 conpulsus
1208 1790 1302 1853 est,
1340 1803 1440 1854 quo
1466 1787 1670 1840 facilius
1695 1804 1818 1840 eum
1843 1789 2131 1842 Mercurius
2155 1788 2444 1843 interficere

142 1877 225 1926 fab
255 1876 316 1918 14
343 1876 518 1940 posset
621 1875 685 1928 Io
704 1873 1006 1942 supradicta
1025 1889 1147 1925 cum
1166 1873 1314 1926 furiis
1334 1873 1592 1940 exagitata
1612 1874 1789 1926 orbem
1816 1876 2071 1927 terrarum
2100 1875 2441 1943 percucurris-

343 1961 438 2023 set,
462 1959 742 2011 novissime
771 1960 825 2010 in
847 1960 1144 2026 Aegyptum
1172 1958 1343 2011 delata
1368 1974 1429 2011 ac
1453 1959 1658 2027 placata
1679 1957 1879 2012 Iunone
1900 1975 1931 2012 a
1950 1960 2067 2012 Iove
2092 1961 2147 2012 in
2166 1960 2440 2028 pristinam
2476 1964 2525 2005 20

345 2043 565 2096 formam
583 2059 820 2111 regressa
842 2045 958 2105 est„⁴
976 2042 1132 2095 Isidis
1154 2043 1278 2096 deae
1306 2059 1495 2096 nomen
1513 2043 1711 2111 accepit
1728 2044 2048 2112 linigeraque
2068 2046 2148 2098 est
2167 2045 2440 2114 appellata.

483 2158 510 2236 ξ
556 2155 603 2199 in
648 2168 832 2199 uaccam
881 2159 1056 2199 mutata
1103 2161 1173 2199 est
1216 2154 1343 2198 isidis
1387 2155 1500 2199 deae
1545 2167 1712 2199 nomen
1761 2155 1933 2211 accepit
1979 2157 2088 2200 iuno
2138 2169 2241 2201 cum
2290 2170 2340 2212 sq
2383 2156 2444 2199 N

480 2223 491 2246 1

338 2255 367 2298 2
394 2256 514 2312 petit
542 2255 614 2299 M
643 2255 657 2309 ΙΙ
698 2260 802 2309 post
830 2254 947 2299 Iove
976 2253 1177 2298 distinxi
1211 2254 1225 2309 11
1256 2253 1313 2298 ab
1346 2254 1425 2306 M,
1456 2267 1483 2297 a
1511 2255 1565 2297 N
1597 2254 1642 2299 V
1676 2254 1690 2309 ΙΙ
1727 2267 1908 2298 uaccam
1940 2268 2012 2299 om
2042 2255 2103 2298 N
2137 2255 2151 2310 ΙΙ
2193 2260 2244 2300 ut
2272 2268 2438 2300 munus

346 2324 543 2370 Vollmer
593 2327 606 2381 ΙΙ
657 2324 774 2381 petit
805 2338 902 2369 eam
935 2338 963 2368 a
991 2324 1107 2368 Iove
1136 2324 1267 2368 velut
1293 2337 1458 2368 munus
1488 2324 1578 2368 sibi
1609 2324 1705 2368 dari
1736 2325 1881 2378 (daret
1901 2326 1977 2381 V),
2008 2326 2116 2382 quia
2143 2326 2229 2370 edd
2258 2329 2362 2380 vett,
2391 2339 2435 2382 p.

336 2409 391 2440 ea
410 2409 437 2440 a
457 2397 571 2440 Iove
601 2396 732 2440 velut
761 2409 819 2438 m.
854 2394 947 2440 sibi
978 2394 1107 2439 daret
1134 2408 1335 2446 vaccam,
1367 2396 1473 2451 quia
1497 2395 1733 2449 Muneker,
1764 2409 1807 2451 p.
1830 2409 1883 2441 ea
1913 2410 1940 2440 a
1969 2397 2017 2453 1.,
2049 2396 2162 2440 velit
2189 2410 2247 2440 m.
2269 2410 2304 2440 s.
2328 2396 2437 2442 dare

336 2480 534 2520 vaccam,
568 2467 675 2523 quia
691 2466 844 2510 Burm
945 2468 973 2510 3
1004 2466 1339 2521 speciosissima
1371 2465 1417 2509 Ο
1439 2466 1492 2519 V,
1522 2466 1771 2522 speciosior
1799 2467 1934 2522 vulqo
1975 2468 1989 2523 ΙΙ
2030 2467 2366 2523 speciosissima
2395 2480 2434 2511 e.

333 2536 382 2579 in
420 2538 524 2581 coni
567 2536 793 2581 Muncker
859 2538 873 2593 Η
948 2538 995 2580 in
1039 2537 1380 2593 Peloponnensi
1425 2550 1568 2593 regno
1612 2538 1848 2595 Muneker,
1893 2538 2211 2594 impelop(ensi
2238 2538 2302 2582 ir
2322 2552 2369 2582 m
2387 2537 2434 2591 2>

332 2620 474 2661 regno
504 2609 584 2662 Μ,
614 2610 662 2651 in
682 2609 991 2664 poloponensi
1020 2609 1184 2664 (regno
1215 2608 1306 2663 om)
1337 2609 1403 2662 N,
1434 2609 1481 2652 in
1511 2608 1831 2664 Peloponneso
1862 2611 1908 2656 V
1930 2609 2063 2666 vulyo
2202 2611 2231 2654 4
2273 2622 2434 2666 negas-

332 2678 434 2733 sent
462 2679 542 2731 M,
581 2685 771 2734 negaret
813 2680 866 2722 Ν
924 2680 938 2735 ΙΙ
991 2679 1201 2735 proder(e
1228 2680 1292 2723 ir
1311 2694 1356 2722 m
1377 2679 1422 2733 2)
1449 2680 1523 2723 M
1569 2680 1583 2735 ΙΙ
1638 2680 1793 2736 itaque
1830 2683 1990 2736 (paene
2018 2683 2134 2734 eras)
2162 2681 2243 2736 M,
2274 2694 2347 2725 om
2376 2680 2437 2724 N

331 2749 478 2805 vulqo,
509 2749 563 2805 cf
584 2750 646 2794 ad
676 2749 774 2805 634,
793 2750 852 2794 19
997 2751 1027 2795 5
1056 2750 1166 2795 iuno
1197 2756 1347 2795 autem
1379 2764 1452 2794 om
1471 2751 1565 2800 (sed
1597 2752 1751 2795 eadem
1781 2751 1888 2796 haec
1917 2765 2060 2807 supra
2100 2751 2341 2796 confestim
2371 2763 2431 2796 ne

328 2861 400 2890 scr
418 2852 493 2898 m)
525 2862 597 2892 om
634 2848 679 2891 O
706 2852 720 2906 ΙΙ
751 2824 1032 2894 οοηοιῖὶῗθτεῐ
1058 2849 1131 2893 M
1261 2849 1291 2893 6
1319 2849 1556 2894 Arestoris
1577 2849 1629 2902 V,
1661 2849 1821 2894 aristo}
1838 2851 1918 2906 M,
1949 2850 2155 2895 aristoris
2174 2850 2235 2894 N
2270 2850 2284 2905 ΙΙ
2322 2861 2426 2906 pro-

326 2919 484 2972 posuit
513 2920 573 2962 N
656 2921 680 2964 7
712 2919 971 2975 argifontes
1000 2921 1067 2977 N,
1099 2919 1304 2975 argifons
1333 2921 1413 2975 M,
1445 2919 1727 2976 argiphonos
1764 2920 1807 2966 V
1905 2921 1933 2966 8
1964 2921 2073 2978 quia
2102 2921 2162 2966 ob
2193 2922 2254 2965 N
2296 2922 2311 2977 ΙΙ
2347 2920 2428 2966 ille

326 3001 417 3032 occ.
448 2989 594 3045 vulqo,
626 2990 703 3034 Ius
735 3003 827 3035 occ.
858 2990 1014 3035 Burm
1157 2991 1215 3035 10
1242 2991 1382 3035 missa
1411 2993 1528 3044 (corr
1557 2993 1632 3045 m)
1667 2991 1712 3035 Ο

467 3059 531 3102 ΧΙ
563 3060 806 3105 Mercurius
836 3062 885 3105 in
918 3067 1148 3117 pastorem
1169 3065 1282 3118 post
1309 3063 1396 3107 667
1422 3062 1496 3106 M
1634 3064 1689 3106 11
1720 3063 1869 3107 interf.
1901 3062 2207 3119 supradictum
2237 3062 2298 3105 N

466 3130 558 3174 XII
588 3131 783 3188 Syringa
813 3132 1016 3190 nympha
1043 3133 1092 3176 in
1121 3132 1321 3177 fistulam
1345 3136 1455 3188 post
1483 3133 1572 3178 688
1596 3134 1669 3177 M
1792 3133 1851 3178 12
1881 3133 2075 3190 Syringa
2109 3132 2154 3176 0
2182 3131 2422 3187 Mumker,

324 3199 484 3255 Syrinx
508 3200 694 3259 Vvulyo
716 3202 824 3246 olim
862 3204 876 3258 ll
906 3217 1152 3248 nonacrum
1179 3203 1233 3259 O,
1252 3203 1527 3248 Nonacrium
1549 3203 1702 3247 Burm
1762 3204 1875 3259 1239
1895 3203 2104 3248 archadie
2125 3204 2246 3254 (item
2266 3202 2334 3255 16)
2354 3202 2427 3247 M

323 3272 379 3314 14
407 3278 752 3328 persequeretur
784 3273 830 3317 Ο
870 3273 917 3329 V,
961 3288 1239 3330 persequens
1268 3275 1402 3331 vulyo
1453 3275 1467 3330 ss
1518 3280 1564 3319 et
1602 3276 1773 3329 addidi,
1804 3290 1876 3320 om
1913 3275 1959 3319 0
1985 3275 2025 3320 V
2067 3275 2082 3330 ΙΙ
2130 3286 2420 3331 persequens,

323 3354 422 3385 cum
453 3342 512 3386 ad
542 3345 644 3387 coni
672 3343 898 3389 Muneker
951 3346 965 3401 ΙΙ
1015 3345 1183 3390 ladona
1212 3345 1260 3399 V,
1291 3345 1457 3390 ladona
1483 3346 1528 3389 0
1687 3347 1744 3391 16
1773 3347 1994 3391 arundine
2021 3345 2066 3389 Ο
2094 3345 2144 3401 V,
2175 3345 2420 3390 arundines

322 3410 452 3466 Ἰυιιῑρο
512 3412 526 3467 ΙΙ
586 3413 751 3469 quibus
783 3414 828 3458 Ο
870 3416 1019 3472 vulyo,
1066 3429 1155 3472 qua
1194 3415 1236 3460 V
1279 3417 1293 3471 11
1345 3422 1414 3461 est
1451 3417 1656 3472 coposita
1705 3417 1750 3460 O
1798 3416 1845 3471 V,
1897 3416 2148 3472 composita
2187 3422 2257 3460 est
2286 3415 2420 3472 vulyo

322 3482 377 3524 17
408 3482 578 3537 siringa
607 3485 668 3527 N
706 3488 720 3539 Η
765 3486 1027 3530 nominatur
1055 3487 1116 3530 N
1245 3487 1357 3542 18sq
1388 3500 1632 3532 conuersus
1660 3488 1721 3531 N
1765 3488 1779 3543 ΙΙ
1828 3493 1986 3543 posset
2012 3487 2163 3532 interf.
2193 3487 2254 3531 N

461 3552 573 3597 XllI
593 3553 644 3598 Io
667 3556 929 3610 supradicta
950 3558 997 3600 in
1018 3556 1225 3614 hysidem
1238 3560 1349 3613 post
1378 3557 1465 3601 723
1493 3558 1566 3601 Μ
1592 3559 1605 3613 ΙΙ
1635 3558 1846 3614 pluri-ma
1867 3558 2055 3602 evanida
2077 3558 2127 3601 in
2147 3559 2202 3601 N
2274 3557 2330 3601 21
2349 3568 2417 3600 re-

319 3633 474 3675 gressa
502 3624 581 3675 M,
613 3637 794 3669 reuersa
826 3627 886 3669 N
905 3626 948 3671 V
970 3626 1210 3682 Munclcer,
1239 3628 1447 3672 restituta
1476 3629 1530 3671 ed
1562 3628 1701 3672 Colon
1751 3630 1765 3683 ΙΙ
1802 3634 1871 3673 est
1900 3642 1972 3672 om
2002 3629 2061 3672 N
2084 3629 2220 3684 vulgo
2261 3629 2275 3685 ΙΙ
2315 3628 2417 3672 lini-

318 3703 518 3748 geraque
548 3693 772 3738 Muneker
801 3697 947 3753 vulgo,
977 3698 1260 3754 niligeraque
1289 3699 1359 3754 (cf
1378 3700 1438 3742 ad
1468 3701 1560 3743 met
1588 3698 1624 3742 Ι
1638 3699 1738 3753 747)
1773 3698 1831 3754 0,
1862 3700 2149 3756 uigilansque
2181 3698 2223 3743 V
