<?xml version="1.0" encoding="UTF-8"?>
<!DOCTYPE html PUBLIC "-//W3C//DTD XHTML 1.0 Transitional//EN"
    "http://www.w3.org/TR/xhtml1/DTD/xhtml1-transitional.dtd">
<html xmlns="http://www.w3.org/1999/xhtml" xml:lang="en" lang="en">
 <head>
  <title>
</title>
<meta http-equiv="Content-Type" content="text/html;charset=utf-8" />
  <meta name='ocr-system' content='tesseract 3.04.00' />
  <meta name='ocr-capabilities' content='ocr_page ocr_carea ocr_par ocr_line ocrx_word'/>
</head>
<body>
  <div class='ocr_page' id='page_1' title='image "./metamorphoseonli00oviduoft/metamorphoseonli00oviduoft_0756.png"; bbox 0 0 2580 4088; ppageno 0'>
   <div class='ocr_carea' id='block_1_1' title="bbox 162 229 2554 694">
    <p class='ocr_par' dir='ltr' id='par_1_1' title="bbox 162 229 2554 694">
     <span class='ocr_line' id='line_1_1' title="bbox 377 229 1944 288; baseline -0.001 -11"><span class='ocrx_word' id='word_1_1' title='bbox 377 230 477 278; x_wconf 83' lang='lat'>718</span> <span class='ocrx_word' id='word_1_2' title='bbox 888 230 1113 275; x_wconf 87' lang='lat' dir='ltr'>Lactantii</span> <span class='ocrx_word' id='word_1_3' title='bbox 1141 229 1314 274; x_wconf 87' lang='lat' dir='ltr'><strong>Placidi</strong></span> <span class='ocrx_word' id='word_1_4' title='bbox 1346 230 1424 286; x_wconf 89' lang='lat' dir='ltr'>qui</span> <span class='ocrx_word' id='word_1_5' title='bbox 1447 229 1621 288; x_wconf 29' lang='lat' dir='ltr'>,dicitur</span> <span class='ocrx_word' id='word_1_6' title='bbox 1650 230 1944 276; x_wconf 75' lang='lat' dir='ltr'>narrationes.</span> 
     </span>
     <span class='ocr_line' id='line_1_2' title="bbox 165 350 2554 442; baseline 0.003 -21"><span class='ocrx_word' id='word_1_7' title='bbox 165 382 249 433; x_wconf 75' lang='lat' dir='ltr'>sab</span> <span class='ocrx_word' id='word_1_8' title='bbox 278 379 347 422; x_wconf 88' lang='grc'>26</span> <span class='ocrx_word' id='word_1_9' title='bbox 374 373 590 442; x_wconf 79' lang='lat' dir='ltr'>riguerit</span> <span class='ocrx_word' id='word_1_10' title='bbox 767 374 837 428; x_wconf 92' lang='lat' dir='ltr'>In</span> <span class='ocrx_word' id='word_1_11' title='bbox 873 373 1100 437; x_wconf 83' lang='lat' dir='ltr'>Pallene,</span> <span class='ocrx_word' id='word_1_12' title='bbox 1144 387 1275 440; x_wconf 89' lang='lat' dir='ltr'>quae</span> <span class='ocrx_word' id='word_1_13' title='bbox 1320 372 1417 425; x_wconf 90' lang='lat' dir='ltr'>sub</span> <span class='ocrx_word' id='word_1_14' title='bbox 1455 372 1711 440; x_wconf 82' lang='lat' dir='ltr'>Aquilone</span> <span class='ocrx_word' id='word_1_15' title='bbox 1747 373 1894 435; x_wconf 90' lang='lat' dir='ltr'>iacet,</span> <span class='ocrx_word' id='word_1_16' title='bbox 1941 372 2189 428; x_wconf 78' lang='lat' dir='ltr'>Thraciae</span> <span class='ocrx_word' id='word_1_17' title='bbox 2225 373 2462 429; x_wconf 88' lang='lat' dir='ltr'>homines</span> <span class='ocrx_word' id='word_1_18' title='bbox 2542 350 2554 354; x_wconf 17' lang='grc'>’-</span> 
     </span>
     <span class='ocr_line' id='line_1_3' title="bbox 373 456 2459 526; baseline 0 -15"><span class='ocrx_word' id='word_1_19' title='bbox 373 459 617 512; x_wconf 89' lang='lat' dir='ltr'>dicuntur</span> <span class='ocrx_word' id='word_1_20' title='bbox 652 458 708 511; x_wconf 94' lang='lat' dir='ltr'>in</span> <span class='ocrx_word' id='word_1_21' title='bbox 745 458 977 510; x_wconf 86' lang='lat' dir='ltr'>volucres</span> <span class='ocrx_word' id='word_1_22' title='bbox 1013 457 1158 521; x_wconf 87' lang='lat' dir='ltr'>verti,</span> <span class='ocrx_word' id='word_1_23' title='bbox 1195 456 1371 508; x_wconf 87' lang='lat' dir='ltr'>novies</span> <span class='ocrx_word' id='word_1_24' title='bbox 1409 472 1530 509; x_wconf 91' lang='lat' dir='ltr'>cum</span> <span class='ocrx_word' id='word_1_25' title='bbox 1566 457 1622 508; x_wconf 90' lang='lat' dir='ltr'>in</span> <span class='ocrx_word' id='word_1_26' title='bbox 1659 456 1981 510; x_wconf 85' lang='lat' dir='ltr'>Tritonicam</span> <span class='ocrx_word' id='word_1_27' title='bbox 2016 457 2263 526; x_wconf 83' lang='lat' dir='ltr'>paludem</span> <span class='ocrx_word' id='word_1_28' title='bbox 2298 459 2459 512; x_wconf 87' lang='lat' dir='ltr'>mersi</span> 
     </span>
     <span class='ocr_line' id='line_1_4' title="bbox 164 540 2459 611; baseline 0.003 -21"><span class='ocrx_word' id='word_1_29' title='bbox 164 552 249 602; x_wconf 73' lang='lat' dir='ltr'>fab</span> <span class='ocrx_word' id='word_1_30' title='bbox 277 549 347 593; x_wconf 79' lang='grc'>27</span> <span class='ocrx_word' id='word_1_31' title='bbox 372 545 496 597; x_wconf 89' lang='lat' dir='ltr'>sunt</span> <span class='ocrx_word' id='word_1_32' title='bbox 693 542 985 611; x_wconf 81' lang='lat' dir='ltr'>ScythideS,</span> <span class='ocrx_word' id='word_1_33' title='bbox 1044 541 1099 593; x_wconf 94' lang='lat' dir='ltr'>in</span> <span class='ocrx_word' id='word_1_34' title='bbox 1155 540 1369 609; x_wconf 78' lang='lat' dir='ltr'><strong>Scythia</strong></span> <span class='ocrx_word' id='word_1_35' title='bbox 1423 540 1663 606; x_wconf 84' lang='lat' dir='ltr'>feminae,</span> <span class='ocrx_word' id='word_1_36' title='bbox 1717 542 1930 595; x_wconf 86' lang='lat' dir='ltr'>venenis</span> <span class='ocrx_word' id='word_1_37' title='bbox 1985 557 2194 611; x_wconf 80' lang='lat' dir='ltr'>sparsae</span> <span class='ocrx_word' id='word_1_38' title='bbox 2248 558 2459 611; x_wconf 89' lang='lat' dir='ltr'>corpora</span> 
     </span>
     <span class='ocr_line' id='line_1_5' title="bbox 162 626 2462 694; baseline 0.003 -20"><span class='ocrx_word' id='word_1_39' title='bbox 162 636 245 686; x_wconf 75' lang='lat' dir='ltr'>fab</span> <span class='ocrx_word' id='word_1_40' title='bbox 273 633 343 676; x_wconf 87' lang='grc'>28</span> <span class='ocrx_word' id='word_1_41' title='bbox 369 629 635 681; x_wconf 88' lang='lat' dir='ltr'>inmutant</span> <span class='ocrx_word' id='word_1_42' title='bbox 812 628 893 681; x_wconf 88' lang='lat' dir='ltr'>Ex</span> <span class='ocrx_word' id='word_1_43' title='bbox 929 626 1106 679; x_wconf 86' lang='lat' dir='ltr'>vitulis</span> <span class='ocrx_word' id='word_1_44' title='bbox 1144 641 1265 693; x_wconf 90' lang='lat' dir='ltr'>apes</span> <span class='ocrx_word' id='word_1_45' title='bbox 1301 627 1602 690; x_wconf 89' lang='lat' dir='ltr'>nascuntur,</span> <span class='ocrx_word' id='word_1_46' title='bbox 1647 642 1777 694; x_wconf 84' lang='lat' dir='ltr'>quas</span> <span class='ocrx_word' id='word_1_47' title='bbox 1814 627 2085 680; x_wconf 79' lang='lat' dir='ltr'>Aristaeus</span> <span class='ocrx_word' id='word_1_48' title='bbox 2120 626 2285 681; x_wconf 89' lang='lat' dir='ltr'>fertur</span> <span class='ocrx_word' id='word_1_49' title='bbox 2321 626 2462 682; x_wconf 84' lang='lat' dir='ltr'>inve-</span> 
     </span>
    </p>
   </div>
   <div class='ocr_carea' id='block_1_2' title="bbox 105 711 2462 1888">
    <p class='ocr_par' dir='ltr' id='par_1_2' title="bbox 105 711 2462 1888">
     <span class='ocr_line' id='line_1_6' title="bbox 105 711 2460 780; baseline 0.002 -20"><span class='ocrx_word' id='word_1_50' title='bbox 105 720 188 771; x_wconf 76' lang='lat' dir='ltr'>sab</span> <span class='ocrx_word' id='word_1_51' title='bbox 202 717 270 761; x_wconf 84' lang='grc'>29</span> <span class='ocrx_word' id='word_1_52' title='bbox 287 717 353 761; x_wconf 87' lang='grc'>30</span> <span class='ocrx_word' id='word_1_53' title='bbox 372 714 511 767; x_wconf 87' lang='lat' dir='ltr'>nisse</span> <span class='ocrx_word' id='word_1_54' title='bbox 662 714 744 767; x_wconf 84' lang='lat' dir='ltr'>Ex</span> <span class='ocrx_word' id='word_1_55' title='bbox 781 727 912 779; x_wconf 89' lang='lat' dir='ltr'>equo</span> <span class='ocrx_word' id='word_1_56' title='bbox 950 711 1227 764; x_wconf 78' lang='lat' dir='ltr'>crabrones</span> <span class='ocrx_word' id='word_1_57' title='bbox 1263 711 1410 764; x_wconf 86' lang='lat' dir='ltr'>nasci</span> <span class='ocrx_word' id='word_1_58' title='bbox 1445 712 1674 779; x_wconf 87' lang='lat' dir='ltr'>potuisse</span> <span class='ocrx_word' id='word_1_59' title='bbox 1700 712 1926 780; x_wconf 90' lang='lat' dir='ltr'>primum</span> <span class='ocrx_word' id='word_1_60' title='bbox 1951 711 2184 780; x_wconf 77' lang='lat' dir='ltr'>proditur</span> <span class='ocrx_word' id='word_1_61' title='bbox 2326 712 2460 768; x_wconf 82' lang='lat' dir='ltr'>Gan-</span> 
     </span>
     <span class='ocr_line' id='line_1_7' title="bbox 173 796 2462 864; baseline 0.003 -19"><span class='ocrx_word' id='word_1_62' title='bbox 173 807 256 857; x_wconf 80' lang='lat' dir='ltr'>sab</span> <span class='ocrx_word' id='word_1_63' title='bbox 287 803 343 847; x_wconf 87' lang='grc'>31</span> <span class='ocrx_word' id='word_1_64' title='bbox 374 813 524 850; x_wconf 89' lang='lat' dir='ltr'>crum</span> <span class='ocrx_word' id='word_1_65' title='bbox 563 798 786 864; x_wconf 80' lang='lat' dir='ltr'>demptis</span> <span class='ocrx_word' id='word_1_66' title='bbox 810 796 1067 850; x_wconf 89' lang='lat' dir='ltr'>bracchiis</span> <span class='ocrx_word' id='word_1_67' title='bbox 1092 796 1136 849; x_wconf 89' lang='lat' dir='ltr'>si</span> <span class='ocrx_word' id='word_1_68' title='bbox 1158 797 1326 849; x_wconf 90' lang='lat' dir='ltr'>terrae</span> <span class='ocrx_word' id='word_1_69' title='bbox 1352 796 1595 863; x_wconf 88' lang='lat' dir='ltr'>subicias,</span> <span class='ocrx_word' id='word_1_70' title='bbox 1635 797 1864 864; x_wconf 89' lang='lat' dir='ltr'>scorpius</span> <span class='ocrx_word' id='word_1_71' title='bbox 1889 797 2122 850; x_wconf 84' lang='lat' dir='ltr'>nascitur</span> <span class='ocrx_word' id='word_1_72' title='bbox 2262 797 2462 852; x_wconf 83' lang='lat' dir='ltr'>Tineae</span> 
     </span>
     <span class='ocr_line' id='line_1_8' title="bbox 162 880 2458 950; baseline 0.002 -20"><span class='ocrx_word' id='word_1_73' title='bbox 162 891 245 941; x_wconf 76' lang='lat' dir='ltr'>fab</span> <span class='ocrx_word' id='word_1_74' title='bbox 276 888 340 931; x_wconf 91' lang='grc'><em>32</em></span> <span class='ocrx_word' id='word_1_75' title='bbox 369 885 618 950; x_wconf 78' lang='lat' dir='ltr'>agresteS,</span> <span class='ocrx_word' id='word_1_76' title='bbox 660 897 790 950; x_wconf 91' lang='lat' dir='ltr'>quae</span> <span class='ocrx_word' id='word_1_77' title='bbox 828 880 950 934; x_wconf 88' lang='lat' dir='ltr'>folia</span> <span class='ocrx_word' id='word_1_78' title='bbox 985 880 1094 933; x_wconf 85' lang='lat' dir='ltr'>filis</span> <span class='ocrx_word' id='word_1_79' title='bbox 1130 881 1380 942; x_wconf 85' lang='lat' dir='ltr'>intexunt,</span> <span class='ocrx_word' id='word_1_80' title='bbox 1426 881 1481 932; x_wconf 93' lang='lat' dir='ltr'>in</span> <span class='ocrx_word' id='word_1_81' title='bbox 1526 882 1812 950; x_wconf 87' lang='lat' dir='ltr'>papiliones</span> <span class='ocrx_word' id='word_1_82' title='bbox 1858 883 2132 935; x_wconf 87' lang='lat' dir='ltr'>vertuntur</span> <span class='ocrx_word' id='word_1_83' title='bbox 2272 883 2458 938; x_wconf 83' lang='lat' dir='ltr'>Ranae</span> 
     </span>
     <span class='ocr_line' id='line_1_9' title="bbox 369 966 2322 1035; baseline 0.001 -15"><span class='ocrx_word' id='word_1_84' title='bbox 369 970 657 1020; x_wconf 87' lang='lat' dir='ltr'>nascuntur</span> <span class='ocrx_word' id='word_1_85' title='bbox 705 982 766 1020; x_wconf 87' lang='lat' dir='ltr'>ex</span> <span class='ocrx_word' id='word_1_86' title='bbox 809 966 933 1019; x_wconf 92' lang='lat' dir='ltr'>limo</span> <span class='ocrx_word' id='word_1_87' title='bbox 981 966 1091 1019; x_wconf 87' lang='lat' dir='ltr'>sine</span> <span class='ocrx_word' id='word_1_88' title='bbox 1127 966 1361 1034; x_wconf 79' lang='lat' dir='ltr'>pedibuS,</span> <span class='ocrx_word' id='word_1_89' title='bbox 1406 981 1526 1019; x_wconf 85' lang='lat' dir='ltr'>mox</span> <span class='ocrx_word' id='word_1_90' title='bbox 1562 967 1791 1020; x_wconf 91' lang='lat' dir='ltr'>natando</span> <span class='ocrx_word' id='word_1_91' title='bbox 1826 967 1984 1035; x_wconf 90' lang='lat' dir='ltr'>pedes</span> <span class='ocrx_word' id='word_1_92' title='bbox 2020 967 2322 1021; x_wconf 86' lang='lat' dir='ltr'>increscunt</span> 
     </span>
     <span class='ocr_line' id='line_1_10' title="bbox 168 1051 2354 1120; baseline 0.003 -20"><span class='ocrx_word' id='word_1_93' title='bbox 168 1061 250 1111; x_wconf 75' lang='lat' dir='ltr'>fab</span> <span class='ocrx_word' id='word_1_94' title='bbox 280 1058 343 1100; x_wconf 84' lang='lat'>33</span> <span class='ocrx_word' id='word_1_95' title='bbox 372 1053 542 1108; x_wconf 89' lang='lat' dir='ltr'>Ursae</span> <span class='ocrx_word' id='word_1_96' title='bbox 569 1068 779 1105; x_wconf 88' lang='lat' dir='ltr'>carnem</span> <span class='ocrx_word' id='word_1_97' title='bbox 803 1052 1014 1120; x_wconf 90' lang='lat' dir='ltr'>pariunt</span> <span class='ocrx_word' id='word_1_98' title='bbox 1038 1066 1256 1119; x_wconf 89' lang='lat' dir='ltr'>eamque</span> <span class='ocrx_word' id='word_1_99' title='bbox 1280 1051 1559 1104; x_wconf 88' lang='lat' dir='ltr'>lambendo</span> <span class='ocrx_word' id='word_1_100' title='bbox 1596 1051 1652 1104; x_wconf 92' lang='lat' dir='ltr'>in</span> <span class='ocrx_word' id='word_1_101' title='bbox 1677 1051 1902 1120; x_wconf 86' lang='lat' dir='ltr'>figuram</span> <span class='ocrx_word' id='word_1_102' title='bbox 1939 1053 2020 1106; x_wconf 87' lang='lat' dir='ltr'>sui</span> <span class='ocrx_word' id='word_1_103' title='bbox 2044 1054 2354 1106; x_wconf 88' lang='lat' dir='ltr'>convertunt</span> 
     </span>
     <span class='ocr_line' id='line_1_11' title="bbox 166 1137 2459 1207; baseline 0.003 -23"><span class='ocrx_word' id='word_1_104' title='bbox 166 1146 249 1196; x_wconf 78' lang='lat' dir='ltr'>fab</span> <span class='ocrx_word' id='word_1_105' title='bbox 279 1142 341 1185; x_wconf 79' lang='lat'>34</span> <span class='ocrx_word' id='word_1_106' title='bbox 369 1138 507 1205; x_wconf 86' lang='lat' dir='ltr'>Apes</span> <span class='ocrx_word' id='word_1_107' title='bbox 543 1138 599 1189; x_wconf 92' lang='lat' dir='ltr'>in</span> <span class='ocrx_word' id='word_1_108' title='bbox 635 1137 782 1190; x_wconf 90' lang='lat' dir='ltr'>initio</span> <span class='ocrx_word' id='word_1_109' title='bbox 820 1139 1035 1190; x_wconf 84' lang='lat' dir='ltr'>truncae</span> <span class='ocrx_word' id='word_1_110' title='bbox 1071 1138 1132 1190; x_wconf 91' lang='lat' dir='ltr'>ut</span> <span class='ocrx_word' id='word_1_111' title='bbox 1154 1152 1356 1190; x_wconf 85' lang='lat' dir='ltr'>vermes</span> <span class='ocrx_word' id='word_1_112' title='bbox 1381 1138 1684 1202; x_wconf 87' lang='lat' dir='ltr'>nascuntur,</span> <span class='ocrx_word' id='word_1_113' title='bbox 1721 1139 1903 1206; x_wconf 90' lang='lat' dir='ltr'>postea</span> <span class='ocrx_word' id='word_1_114' title='bbox 1939 1138 2162 1206; x_wconf 87' lang='lat' dir='ltr'>corporis</span> <span class='ocrx_word' id='word_1_115' title='bbox 2197 1140 2372 1207; x_wconf 88' lang='lat' dir='ltr'>partes</span> <span class='ocrx_word' id='word_1_116' title='bbox 2397 1153 2459 1191; x_wconf 87' lang='lat' dir='ltr'>ac</span> 
     </span>
     <span class='ocr_line' id='line_1_12' title="bbox 170 1221 2459 1291; baseline 0.003 -21"><span class='ocrx_word' id='word_1_117' title='bbox 170 1230 254 1281; x_wconf 73' lang='lat' dir='ltr'>sab</span> <span class='ocrx_word' id='word_1_118' title='bbox 285 1228 348 1271; x_wconf 85' lang='lat'>35</span> <span class='ocrx_word' id='word_1_119' title='bbox 374 1238 571 1291; x_wconf 89' lang='lat' dir='ltr'>pennas</span> <span class='ocrx_word' id='word_1_120' title='bbox 609 1223 841 1291; x_wconf 87' lang='lat' dir='ltr'>accipere</span> <span class='ocrx_word' id='word_1_121' title='bbox 878 1222 1166 1290; x_wconf 90' lang='lat' dir='ltr'>produntur</span> <span class='ocrx_word' id='word_1_122' title='bbox 1305 1222 1564 1288; x_wconf 62' lang='lat' dir='ltr'>Pavones„</span> <span class='ocrx_word' id='word_1_123' title='bbox 1606 1223 1696 1290; x_wconf 86' lang='lat' dir='ltr'>qui</span> <span class='ocrx_word' id='word_1_124' title='bbox 1730 1221 1787 1274; x_wconf 93' lang='lat' dir='ltr'>in</span> <span class='ocrx_word' id='word_1_125' title='bbox 1820 1223 1988 1276; x_wconf 87' lang='lat' dir='ltr'>tutela</span> <span class='ocrx_word' id='word_1_126' title='bbox 2010 1222 2226 1276; x_wconf 90' lang='lat' dir='ltr'>Iunonis</span> <span class='ocrx_word' id='word_1_127' title='bbox 2261 1223 2459 1276; x_wconf 89' lang='lat' dir='ltr'>haben-</span> 
     </span>
     <span class='ocr_line' id='line_1_13' title="bbox 367 1306 2458 1375; baseline 0 -14"><span class='ocrx_word' id='word_1_128' title='bbox 367 1311 465 1372; x_wconf 86' lang='lat' dir='ltr'>tur,</span> <span class='ocrx_word' id='word_1_129' title='bbox 502 1308 630 1361; x_wconf 91' lang='lat' dir='ltr'>item</span> <span class='ocrx_word' id='word_1_130' title='bbox 675 1308 878 1375; x_wconf 88' lang='lat' dir='ltr'>aquilae</span> <span class='ocrx_word' id='word_1_131' title='bbox 922 1307 1059 1361; x_wconf 83' lang='lat' dir='ltr'>Iovis</span> <span class='ocrx_word' id='word_1_132' title='bbox 1104 1307 1477 1374; x_wconf 90' lang='lat' dir='ltr'>columbaeque</span> <span class='ocrx_word' id='word_1_133' title='bbox 1515 1306 1732 1361; x_wconf 90' lang='lat' dir='ltr'>Veneris</span> <span class='ocrx_word' id='word_1_134' title='bbox 1778 1309 1831 1361; x_wconf 92' lang='lat' dir='ltr'>et</span> <span class='ocrx_word' id='word_1_135' title='bbox 1878 1314 2078 1361; x_wconf 89' lang='lat' dir='ltr'>ceterae</span> <span class='ocrx_word' id='word_1_136' title='bbox 2124 1308 2359 1362; x_wconf 87' lang='lat' dir='ltr'>volucres</span> <span class='ocrx_word' id='word_1_137' title='bbox 2395 1324 2458 1362; x_wconf 85' lang='lat' dir='ltr'>ex</span> 
     </span>
     <span class='ocr_line' id='line_1_14' title="bbox 167 1391 2460 1462; baseline 0.001 -19"><span class='ocrx_word' id='word_1_138' title='bbox 167 1403 248 1454; x_wconf 72' lang='lat' dir='ltr'>fab</span> <span class='ocrx_word' id='word_1_139' title='bbox 280 1400 343 1442; x_wconf 86' lang='lat'>36</span> <span class='ocrx_word' id='word_1_140' title='bbox 371 1394 545 1447; x_wconf 88' lang='lat' dir='ltr'>media</span> <span class='ocrx_word' id='word_1_141' title='bbox 579 1395 725 1462; x_wconf 88' lang='lat' dir='ltr'>parte</span> <span class='ocrx_word' id='word_1_142' title='bbox 763 1394 858 1458; x_wconf 83' lang='lat' dir='ltr'>ovi,</span> <span class='ocrx_word' id='word_1_143' title='bbox 895 1408 1026 1461; x_wconf 89' lang='lat' dir='ltr'>quae</span> <span class='ocrx_word' id='word_1_144' title='bbox 1062 1393 1271 1446; x_wconf 89' lang='lat' dir='ltr'>vitellus</span> <span class='ocrx_word' id='word_1_145' title='bbox 1296 1394 1522 1457; x_wconf 88' lang='lat' dir='ltr'>vocatur,</span> <span class='ocrx_word' id='word_1_146' title='bbox 1558 1392 1799 1446; x_wconf 86' lang='lat' dir='ltr'>videntur</span> <span class='ocrx_word' id='word_1_147' title='bbox 1823 1393 1970 1446; x_wconf 87' lang='lat' dir='ltr'>nasci</span> <span class='ocrx_word' id='word_1_148' title='bbox 2110 1393 2194 1448; x_wconf 84' lang='lat' dir='ltr'>Ex</span> <span class='ocrx_word' id='word_1_149' title='bbox 2227 1391 2460 1447; x_wconf 88' lang='lat' dir='ltr'>medulla</span> 
     </span>
     <span class='ocr_line' id='line_1_15' title="bbox 165 1478 2459 1548; baseline 0.003 -22"><span class='ocrx_word' id='word_1_150' title='bbox 165 1489 247 1538; x_wconf 66' lang='lat' dir='ltr'>fab</span> <span class='ocrx_word' id='word_1_151' title='bbox 277 1485 342 1528; x_wconf 84' lang='lat'>37</span> <span class='ocrx_word' id='word_1_152' title='bbox 367 1480 599 1533; x_wconf 85' lang='lat' dir='ltr'>humana</span> <span class='ocrx_word' id='word_1_153' title='bbox 633 1479 689 1531; x_wconf 92' lang='lat' dir='ltr'>in</span> <span class='ocrx_word' id='word_1_154' title='bbox 726 1478 977 1547; x_wconf 79' lang='lat' dir='ltr'>sepulcris</span> <span class='ocrx_word' id='word_1_155' title='bbox 1015 1493 1211 1545; x_wconf 88' lang='lat' dir='ltr'>angues</span> <span class='ocrx_word' id='word_1_156' title='bbox 1247 1478 1667 1546; x_wconf 89' lang='lat' dir='ltr'>proseminantur</span> <span class='ocrx_word' id='word_1_157' title='bbox 1844 1478 2084 1533; x_wconf 82' lang='lat' dir='ltr'>Phoenix</span> <span class='ocrx_word' id='word_1_158' title='bbox 2123 1479 2181 1531; x_wconf 93' lang='lat' dir='ltr'>in</span> <span class='ocrx_word' id='word_1_159' title='bbox 2215 1478 2459 1548; x_wconf 78' lang='lat' dir='ltr'>Assyriae</span> 
     </span>
     <span class='ocr_line' id='line_1_16' title="bbox 365 1562 2459 1633; baseline -0 -15"><span class='ocrx_word' id='word_1_160' title='bbox 365 1565 557 1618; x_wconf 88' lang='lat' dir='ltr'>finibus</span> <span class='ocrx_word' id='word_1_161' title='bbox 594 1564 717 1616; x_wconf 92' lang='lat' dir='ltr'>nido</span> <span class='ocrx_word' id='word_1_162' title='bbox 755 1580 817 1616; x_wconf 85' lang='lat' dir='ltr'>ex</span> <span class='ocrx_word' id='word_1_163' title='bbox 853 1563 1095 1616; x_wconf 87' lang='lat' dir='ltr'>odoribus</span> <span class='ocrx_word' id='word_1_164' title='bbox 1138 1562 1289 1624; x_wconf 85' lang='lat' dir='ltr'>fact0‚</span> <span class='ocrx_word' id='word_1_165' title='bbox 1335 1578 1457 1615; x_wconf 93' lang='lat' dir='ltr'>cum</span> <span class='ocrx_word' id='word_1_166' title='bbox 1503 1564 1586 1616; x_wconf 90' lang='lat' dir='ltr'>est</span> <span class='ocrx_word' id='word_1_167' title='bbox 1636 1565 1903 1617; x_wconf 85' lang='lat' dir='ltr'>senectute</span> <span class='ocrx_word' id='word_1_168' title='bbox 1946 1579 2141 1632; x_wconf 87' lang='lat' dir='ltr'>pressa,</span> <span class='ocrx_word' id='word_1_169' title='bbox 2177 1579 2334 1633; x_wconf 90' lang='lat' dir='ltr'>supra</span> <span class='ocrx_word' id='word_1_170' title='bbox 2377 1579 2459 1618; x_wconf 89' lang='lat' dir='ltr'>re-</span> 
     </span>
     <span class='ocr_line' id='line_1_17' title="bbox 366 1647 2458 1714; baseline 0 -11"><span class='ocrx_word' id='word_1_171' title='bbox 366 1650 580 1714; x_wconf 89' lang='lat' dir='ltr'>cumbit,</span> <span class='ocrx_word' id='word_1_172' title='bbox 625 1664 687 1702; x_wconf 84' lang='lat' dir='ltr'>ex</span> <span class='ocrx_word' id='word_1_173' title='bbox 731 1649 879 1701; x_wconf 90' lang='lat' dir='ltr'>cuius</span> <span class='ocrx_word' id='word_1_174' title='bbox 924 1648 1068 1701; x_wconf 86' lang='lat' dir='ltr'>sanie</span> <span class='ocrx_word' id='word_1_175' title='bbox 1113 1647 1215 1699; x_wconf 88' lang='lat' dir='ltr'>alia</span> <span class='ocrx_word' id='word_1_176' title='bbox 1250 1648 1540 1700; x_wconf 88' lang='lat' dir='ltr'>renascitur</span> <span class='ocrx_word' id='word_1_177' title='bbox 1576 1649 1629 1701; x_wconf 92' lang='lat' dir='ltr'>et</span> <span class='ocrx_word' id='word_1_178' title='bbox 1665 1648 1863 1702; x_wconf 89' lang='lat' dir='ltr'>viribus</span> <span class='ocrx_word' id='word_1_179' title='bbox 1898 1648 2138 1703; x_wconf 90' lang='lat' dir='ltr'>roborata</span> <span class='ocrx_word' id='word_1_180' title='bbox 2182 1649 2368 1703; x_wconf 90' lang='lat' dir='ltr'>nidum</span> <span class='ocrx_word' id='word_1_181' title='bbox 2401 1650 2458 1702; x_wconf 89' lang='lat' dir='ltr'>in</span> 
     </span>
     <span class='ocr_line' id='line_1_18' title="bbox 371 1733 2454 1804; baseline 0 -16"><span class='ocrx_word' id='word_1_182' title='bbox 371 1735 557 1788; x_wconf 86' lang='lat' dir='ltr'>urbem</span> <span class='ocrx_word' id='word_1_183' title='bbox 594 1733 747 1787; x_wconf 86' lang='lat' dir='ltr'>effert</span> <span class='ocrx_word' id='word_1_184' title='bbox 785 1733 919 1786; x_wconf 87' lang='lat' dir='ltr'>Solis</span> <span class='ocrx_word' id='word_1_185' title='bbox 956 1733 1131 1801; x_wconf 90' lang='lat' dir='ltr'>ibique</span> <span class='ocrx_word' id='word_1_186' title='bbox 1167 1733 1222 1784; x_wconf 92' lang='lat' dir='ltr'>in</span> <span class='ocrx_word' id='word_1_187' title='bbox 1259 1733 1453 1801; x_wconf 90' lang='lat' dir='ltr'>templo</span> <span class='ocrx_word' id='word_1_188' title='bbox 1491 1734 1603 1787; x_wconf 89' lang='lat' dir='ltr'>eius</span> <span class='ocrx_word' id='word_1_189' title='bbox 1627 1736 2029 1787; x_wconf 90' lang='lat' dir='ltr'>monumentum</span> <span class='ocrx_word' id='word_1_190' title='bbox 2053 1735 2215 1804; x_wconf 91' lang='lat' dir='ltr'>patris</span> <span class='ocrx_word' id='word_1_191' title='bbox 2238 1733 2454 1803; x_wconf 88' lang='lat' dir='ltr'>reponit.</span> 
     </span>
     <span class='ocr_line' id='line_1_19' title="bbox 173 1818 2459 1888; baseline 0.003 -22"><span class='ocrx_word' id='word_1_192' title='bbox 173 1827 247 1875; x_wconf 71' lang='lat' dir='ltr'>fab</span> <span class='ocrx_word' id='word_1_193' title='bbox 278 1824 344 1867; x_wconf 83' lang='lat'>38</span> <span class='ocrx_word' id='word_1_194' title='bbox 373 1818 537 1872; x_wconf 85' lang='lat' dir='ltr'>fertur</span> <span class='ocrx_word' id='word_1_195' title='bbox 591 1819 732 1871; x_wconf 93' lang='lat' dir='ltr'>enim</span> <span class='ocrx_word' id='word_1_196' title='bbox 788 1819 1016 1886; x_wconf 90' lang='lat' dir='ltr'>quinque</span> <span class='ocrx_word' id='word_1_197' title='bbox 1070 1818 1256 1871; x_wconf 86' lang='lat' dir='ltr'>aetatis</span> <span class='ocrx_word' id='word_1_198' title='bbox 1312 1819 1521 1871; x_wconf 87' lang='lat' dir='ltr'>saecula</span> <span class='ocrx_word' id='word_1_199' title='bbox 1567 1819 1763 1887; x_wconf 88' lang='lat' dir='ltr'>replere</span> <span class='ocrx_word' id='word_1_200' title='bbox 1978 1821 2202 1888; x_wconf 83' lang='lat' dir='ltr'>Hyaena</span> <span class='ocrx_word' id='word_1_201' title='bbox 2243 1818 2354 1874; x_wconf 88' lang='lat' dir='ltr'>fera</span> <span class='ocrx_word' id='word_1_202' title='bbox 2396 1834 2459 1872; x_wconf 88' lang='lat' dir='ltr'>ex</span> 
     </span>
    </p>
   </div>
   <div class='ocr_carea' id='block_1_3' title="bbox 365 2053 2468 2961">
    <p class='ocr_par' dir='ltr' id='par_1_3' title="bbox 365 2053 2457 2188">
     <span class='ocr_line' id='line_1_20' title="bbox 365 2053 2457 2115; baseline 0 -12"><span class='ocrx_word' id='word_1_203' title='bbox 365 2058 460 2103; x_wconf 91' lang='lat' dir='ltr'>Nec</span> <span class='ocrx_word' id='word_1_204' title='bbox 483 2070 667 2115; x_wconf 90' lang='lat' dir='ltr'>quoque</span> <span class='ocrx_word' id='word_1_205' title='bbox 697 2058 792 2110; x_wconf 82' lang='lat' dir='ltr'>(sic)</span> <span class='ocrx_word' id='word_1_206' title='bbox 814 2055 1070 2112; x_wconf 88' lang='lat' dir='ltr'>sulphureis</span> <span class='ocrx_word' id='word_1_207' title='bbox 1100 2056 1230 2101; x_wconf 89' lang='lat' dir='ltr'>ardet</span> <span class='ocrx_word' id='word_1_208' title='bbox 1255 2056 1520 2101; x_wconf 83' lang='lat' dir='ltr'>fornacibus</span> <span class='ocrx_word' id='word_1_209' title='bbox 1550 2056 1686 2102; x_wconf 91' lang='lat' dir='ltr'>ethne</span> <span class='ocrx_word' id='word_1_210' title='bbox 1711 2058 1855 2114; x_wconf 86' lang='lat' dir='ltr'>Ignea</span> <span class='ocrx_word' id='word_1_211' title='bbox 1885 2071 2063 2115; x_wconf 87' lang='lat' dir='ltr'>semper</span> <span class='ocrx_word' id='word_1_212' title='bbox 2090 2059 2176 2104; x_wconf 91' lang='lat' dir='ltr'>erit</span> <span class='ocrx_word' id='word_1_213' title='bbox 2203 2053 2277 2113; x_wconf 76' lang='grc' dir='ltr'>Ἱό,</span> <span class='ocrx_word' id='word_1_214' title='bbox 2304 2059 2457 2115; x_wconf 65' lang='lat' dir='ltr'>imam</span> 
     </span>
     <span class='ocr_line' id='line_1_21' title="bbox 365 2126 2404 2188; baseline 0.001 -15"><span class='ocrx_word' id='word_1_215' title='bbox 365 2129 574 2185; x_wconf 82' lang='lat' dir='ltr'>fabulam</span> <span class='ocrx_word' id='word_1_216' title='bbox 603 2129 665 2174; x_wconf 87' lang='grc'>25</span> <span class='ocrx_word' id='word_1_217' title='bbox 688 2128 1094 2183; x_wconf 84' lang='lat' dir='ltr'>Aetna-riguerit</span> <span class='ocrx_word' id='word_1_218' title='bbox 1122 2126 1278 2172; x_wconf 79' lang='lat' dir='ltr'>omisit</span> <span class='ocrx_word' id='word_1_219' title='bbox 1327 2128 1341 2183; x_wconf 90' lang='grc' dir='ltr'>ΙΙ</span> <span class='ocrx_word' id='word_1_220' title='bbox 1392 2129 1514 2172; x_wconf 89' lang='lat' dir='ltr'>Atna</span> <span class='ocrx_word' id='word_1_221' title='bbox 1541 2129 1592 2172; x_wconf 99' lang='lat' dir='ltr'><strong><em>L</em></strong></span> <span class='ocrx_word' id='word_1_222' title='bbox 1641 2129 1657 2183; x_wconf 82' lang='grc' dir='ltr'>Ι</span> <span class='ocrx_word' id='word_1_223' title='bbox 1706 2128 1755 2172; x_wconf 91' lang='lat' dir='ltr'>in</span> <span class='ocrx_word' id='word_1_224' title='bbox 1784 2128 1917 2173; x_wconf 89' lang='lat' dir='ltr'>initio</span> <span class='ocrx_word' id='word_1_225' title='bbox 1945 2131 2009 2183; x_wconf 91' lang='lat' dir='ltr'><strong><em>L,</em></strong></span> <span class='ocrx_word' id='word_1_226' title='bbox 2038 2130 2174 2175; x_wconf 79' lang='lat' dir='ltr'>initio</span> <span class='ocrx_word' id='word_1_227' title='bbox 2204 2130 2252 2177; x_wconf 90' lang='lat' dir='ltr'><strong><em>V</em></strong></span> <span class='ocrx_word' id='word_1_228' title='bbox 2273 2130 2404 2188; x_wconf 64' lang='lat' dir='ltr'>vulgo</span> 
     </span>
    </p>

    <p class='ocr_par' dir='ltr' id='par_1_4' title="bbox 366 2197 2459 2397">
     <span class='ocr_line' id='line_1_22' title="bbox 507 2197 2459 2257; baseline 0.001 -13"><span class='ocrx_word' id='word_1_229' title='bbox 507 2202 534 2244; x_wconf 93' lang='lat'>1</span> <span class='ocrx_word' id='word_1_230' title='bbox 564 2199 759 2255; x_wconf 86' lang='lat' dir='ltr'>palle(ne</span> <span class='ocrx_word' id='word_1_231' title='bbox 790 2211 841 2254; x_wconf 69' lang='grc' dir='ltr'>ας</span> <span class='ocrx_word' id='word_1_232' title='bbox 871 2199 1080 2251; x_wconf 80' lang='lat' dir='ltr'>evanida)</span> <span class='ocrx_word' id='word_1_233' title='bbox 1098 2199 1152 2242; x_wconf 87' lang='lat' dir='ltr'><strong><em>P</em></strong></span> <span class='ocrx_word' id='word_1_234' title='bbox 1170 2198 1184 2254; x_wconf 93' lang='grc' dir='ltr'>ΙΙ</span> <span class='ocrx_word' id='word_1_235' title='bbox 1206 2197 1461 2252; x_wconf 87' lang='lat' dir='ltr'>thracie(ae)</span> <span class='ocrx_word' id='word_1_236' title='bbox 1489 2200 1540 2242; x_wconf 90' lang='lat' dir='ltr'><strong><em>L</em></strong></span> <span class='ocrx_word' id='word_1_237' title='bbox 1561 2200 1616 2251; x_wconf 90' lang='lat' dir='ltr'>V,</span> <span class='ocrx_word' id='word_1_238' title='bbox 1645 2200 1784 2244; x_wconf 88' lang='lat' dir='ltr'>tracie</span> <span class='ocrx_word' id='word_1_239' title='bbox 1802 2201 1864 2253; x_wconf 89' lang='lat' dir='ltr'>P,</span> <span class='ocrx_word' id='word_1_240' title='bbox 1895 2214 1968 2244; x_wconf 88' lang='lat' dir='ltr'>om</span> <span class='ocrx_word' id='word_1_241' title='bbox 1998 2201 2132 2257; x_wconf 78' lang='lat' dir='ltr'>vulqo</span> <span class='ocrx_word' id='word_1_242' title='bbox 2217 2200 2247 2245; x_wconf 81' lang='lat'><strong>2</strong></span> <span class='ocrx_word' id='word_1_243' title='bbox 2275 2213 2377 2246; x_wconf 92' lang='lat' dir='ltr'>cum</span> <span class='ocrx_word' id='word_1_244' title='bbox 2397 2201 2459 2255; x_wconf 87' lang='lat' dir='ltr'>in]</span> 
     </span>
     <span class='ocr_line' id='line_1_23' title="bbox 366 2268 2456 2328; baseline 0.002 -15"><span class='ocrx_word' id='word_1_245' title='bbox 366 2283 466 2314; x_wconf 91' lang='lat' dir='ltr'>cum</span> <span class='ocrx_word' id='word_1_246' title='bbox 496 2269 618 2327; x_wconf 85' lang='lat' dir='ltr'>apud</span> <span class='ocrx_word' id='word_1_247' title='bbox 646 2271 699 2313; x_wconf 95' lang='lat' dir='ltr'><strong><em>P</em></strong></span> <span class='ocrx_word' id='word_1_248' title='bbox 745 2270 760 2325; x_wconf 82' lang='lat' dir='ltr'>ss</span> <span class='ocrx_word' id='word_1_249' title='bbox 810 2269 1068 2314; x_wconf 86' lang='lat' dir='ltr'>tritonicam</span> <span class='ocrx_word' id='word_1_250' title='bbox 1096 2270 1159 2324; x_wconf 93' lang='lat' dir='ltr'><strong><em>L,</em></strong></span> <span class='ocrx_word' id='word_1_251' title='bbox 1191 2268 1471 2313; x_wconf 88' lang='lat' dir='ltr'>heritonides</span> <span class='ocrx_word' id='word_1_252' title='bbox 1499 2269 1561 2323; x_wconf 87' lang='lat' dir='ltr'>P,</span> <span class='ocrx_word' id='word_1_253' title='bbox 1590 2269 1897 2315; x_wconf 86' lang='lat' dir='ltr'>Tritoniacam</span> <span class='ocrx_word' id='word_1_254' title='bbox 1926 2272 1973 2318; x_wconf 90' lang='lat' dir='ltr'><strong><em>V</em></strong></span> <span class='ocrx_word' id='word_1_255' title='bbox 1995 2271 2129 2328; x_wconf 74' lang='lat' dir='ltr'>vulyo</span> <span class='ocrx_word' id='word_1_256' title='bbox 2178 2271 2193 2328; x_wconf 90' lang='grc' dir='ltr'>ΙΙ</span> <span class='ocrx_word' id='word_1_257' title='bbox 2242 2271 2456 2328; x_wconf 86' lang='lat' dir='ltr'>paludem</span> 
     </span>
     <span class='ocr_line' id='line_1_24' title="bbox 366 2338 2350 2397; baseline 0.001 -12"><span class='ocrx_word' id='word_1_258' title='bbox 366 2355 439 2385; x_wconf 87' lang='lat' dir='ltr'>om</span> <span class='ocrx_word' id='word_1_259' title='bbox 467 2341 521 2384; x_wconf 93' lang='lat' dir='ltr'><strong><em>P</em></strong></span> <span class='ocrx_word' id='word_1_260' title='bbox 624 2341 654 2385; x_wconf 85' lang='lat'><strong>3</strong></span> <span class='ocrx_word' id='word_1_261' title='bbox 683 2344 792 2385; x_wconf 87' lang='lat' dir='ltr'>sunt</span> <span class='ocrx_word' id='word_1_262' title='bbox 820 2342 874 2385; x_wconf 88' lang='lat' dir='ltr'><strong><em>P</em></strong></span> <span class='ocrx_word' id='word_1_263' title='bbox 898 2341 948 2384; x_wconf 92' lang='lat' dir='ltr'><strong><em>L</em></strong></span> <span class='ocrx_word' id='word_1_264' title='bbox 978 2341 1032 2390; x_wconf 93' lang='lat' dir='ltr'>V,</span> <span class='ocrx_word' id='word_1_265' title='bbox 1064 2340 1157 2384; x_wconf 89' lang='lat' dir='ltr'>sint</span> <span class='ocrx_word' id='word_1_266' title='bbox 1186 2340 1319 2397; x_wconf 62' lang='lat' dir='ltr'>vulgo</span> <span class='ocrx_word' id='word_1_267' title='bbox 1369 2340 1383 2396; x_wconf 86' lang='grc' dir='ltr'>ΙΙ</span> <span class='ocrx_word' id='word_1_268' title='bbox 1433 2339 1549 2385; x_wconf 88' lang='lat' dir='ltr'>Esse</span> <span class='ocrx_word' id='word_1_269' title='bbox 1579 2340 1706 2385; x_wconf 89' lang='lat' dir='ltr'>uiros</span> <span class='ocrx_word' id='word_1_270' title='bbox 1734 2340 1857 2386; x_wconf 83' lang='lat' dir='ltr'>fama</span> <span class='ocrx_word' id='word_1_271' title='bbox 1886 2347 1912 2385; x_wconf 80' lang='lat' dir='ltr'>e</span> <span class='ocrx_word' id='word_1_272' title='bbox 1941 2338 1998 2394; x_wconf 78' lang='grc' dir='ltr'>Ἶό</span> <span class='ocrx_word' id='word_1_273' title='bbox 2029 2342 2145 2395; x_wconf 84' lang='lat'><strong>(356)</strong></span> <span class='ocrx_word' id='word_1_274' title='bbox 2175 2341 2269 2386; x_wconf 84' lang='lat' dir='ltr'>add</span> <span class='ocrx_word' id='word_1_275' title='bbox 2295 2343 2350 2387; x_wconf 95' lang='lat' dir='ltr'><strong><em>P</em></strong></span> 
     </span>
    </p>

    <p class='ocr_par' dir='ltr' id='par_1_5' title="bbox 366 2411 2463 2539">
     <span class='ocr_line' id='line_1_25' title="bbox 506 2411 2463 2470; baseline 0.001 -13"><span class='ocrx_word' id='word_1_276' title='bbox 506 2411 536 2457; x_wconf 84' lang='lat'><strong>3</strong></span> <span class='ocrx_word' id='word_1_277' title='bbox 562 2411 753 2456; x_wconf 83' lang='lat' dir='ltr'>foemine</span> <span class='ocrx_word' id='word_1_278' title='bbox 780 2412 831 2455; x_wconf 94' lang='lat' dir='ltr'><strong><em>L</em></strong></span> <span class='ocrx_word' id='word_1_279' title='bbox 859 2413 907 2459; x_wconf 90' lang='lat' dir='ltr'><strong><em>V</em></strong></span> <span class='ocrx_word' id='word_1_280' title='bbox 1013 2413 1044 2456; x_wconf 77' lang='lat'>4</span> <span class='ocrx_word' id='word_1_281' title='bbox 1071 2411 1315 2461; x_wconf 87' lang='lat' dir='ltr'>inmutant]</span> <span class='ocrx_word' id='word_1_282' title='bbox 1344 2411 1409 2455; x_wconf 83' lang='lat' dir='ltr'>sic</span> <span class='ocrx_word' id='word_1_283' title='bbox 1435 2412 1490 2455; x_wconf 93' lang='lat' dir='ltr'><strong><em>P</em></strong></span> <span class='ocrx_word' id='word_1_284' title='bbox 1515 2412 1567 2455; x_wconf 95' lang='lat' dir='ltr'><strong><em>L</em></strong></span> <span class='ocrx_word' id='word_1_285' title='bbox 1596 2412 1651 2465; x_wconf 90' lang='lat' dir='ltr'>V,</span> <span class='ocrx_word' id='word_1_286' title='bbox 1681 2425 1731 2456; x_wconf 90' lang='lat' dir='ltr'>se</span> <span class='ocrx_word' id='word_1_287' title='bbox 1759 2412 1808 2456; x_wconf 90' lang='lat' dir='ltr'>in</span> <span class='ocrx_word' id='word_1_288' title='bbox 1836 2426 1948 2458; x_wconf 86' lang='lat' dir='ltr'>aves</span> <span class='ocrx_word' id='word_1_289' title='bbox 1974 2412 2353 2470; x_wconf 83' lang='lat' dir='ltr'>transfigurantes</span> <span class='ocrx_word' id='word_1_290' title='bbox 2380 2415 2463 2458; x_wconf 86' lang='lat' dir='ltr'>ad-</span> 
     </span>
     <span class='ocr_line' id='line_1_26' title="bbox 366 2475 1753 2539; baseline -0.001 -12"><span class='ocrx_word' id='word_1_291' title='bbox 366 2484 485 2528; x_wconf 82' lang='lat' dir='ltr'>dunt</span> <span class='ocrx_word' id='word_1_292' title='bbox 512 2483 644 2539; x_wconf 73' lang='lat' dir='ltr'>vulyo</span> <span class='ocrx_word' id='word_1_293' title='bbox 695 2483 709 2538; x_wconf 83' lang='grc' dir='ltr'>ΙΙ</span> <span class='ocrx_word' id='word_1_294' title='bbox 762 2482 899 2527; x_wconf 88' lang='lat' dir='ltr'>Haud</span> <span class='ocrx_word' id='word_1_295' title='bbox 929 2482 1141 2539; x_wconf 90' lang='lat' dir='ltr'>equidem</span> <span class='ocrx_word' id='word_1_296' title='bbox 1173 2482 1309 2527; x_wconf 90' lang='lat' dir='ltr'>credo</span> <span class='ocrx_word' id='word_1_297' title='bbox 1339 2475 1398 2534; x_wconf 77' lang='grc' dir='ltr'>Ἷό</span> <span class='ocrx_word' id='word_1_298' title='bbox 1425 2482 1549 2539; x_wconf 84' lang='grc'><em>(359)</em></span> <span class='ocrx_word' id='word_1_299' title='bbox 1577 2483 1669 2526; x_wconf 82' lang='lat' dir='ltr'>add</span> <span class='ocrx_word' id='word_1_300' title='bbox 1699 2484 1753 2527; x_wconf 94' lang='lat' dir='ltr'><strong><em>P</em></strong></span> 
     </span>
    </p>

    <p class='ocr_par' dir='ltr' id='par_1_6' title="bbox 507 2552 1434 2608">
     <span class='ocr_line' id='line_1_27' title="bbox 507 2552 1434 2608; baseline 0.002 -11"><span class='ocrx_word' id='word_1_301' title='bbox 507 2554 594 2608; x_wconf 80' lang='lat' dir='ltr'>4sq</span> <span class='ocrx_word' id='word_1_302' title='bbox 622 2552 702 2608; x_wconf 80' lang='lat' dir='ltr'>fab</span> <span class='ocrx_word' id='word_1_303' title='bbox 731 2553 793 2598; x_wconf 83' lang='lat'>28</span> <span class='ocrx_word' id='word_1_304' title='bbox 818 2567 892 2597; x_wconf 88' lang='lat' dir='ltr'>om</span> <span class='ocrx_word' id='word_1_305' title='bbox 919 2554 974 2597; x_wconf 95' lang='lat' dir='ltr'><strong><em>P</em></strong></span> <span class='ocrx_word' id='word_1_306' title='bbox 1019 2554 1035 2608; x_wconf 88' lang='grc' dir='ltr'>ΙΙ</span> <span class='ocrx_word' id='word_1_307' title='bbox 1084 2553 1275 2597; x_wconf 88' lang='lat' dir='ltr'>aristeus</span> <span class='ocrx_word' id='word_1_308' title='bbox 1303 2553 1354 2597; x_wconf 95' lang='lat' dir='ltr'><strong><em>L</em></strong></span> <span class='ocrx_word' id='word_1_309' title='bbox 1387 2554 1434 2599; x_wconf 93' lang='lat' dir='ltr'><strong><em>V</em></strong></span> 
     </span>
    </p>

    <p class='ocr_par' dir='ltr' id='par_1_7' title="bbox 365 2623 2462 2747">
     <span class='ocr_line' id='line_1_28' title="bbox 512 2623 2462 2681; baseline 0.001 -13"><span class='ocrx_word' id='word_1_310' title='bbox 512 2625 542 2668; x_wconf 70' lang='grc' dir='ltr'>ἴ)</span> <span class='ocrx_word' id='word_1_311' title='bbox 571 2628 708 2680; x_wconf 88' lang='lat' dir='ltr'>equo]</span> <span class='ocrx_word' id='word_1_312' title='bbox 747 2624 1004 2680; x_wconf 87' lang='lat' dir='ltr'>putrefacto</span> <span class='ocrx_word' id='word_1_313' title='bbox 1031 2625 1212 2669; x_wconf 78' lang='lat' dir='ltr'>addunt</span> <span class='ocrx_word' id='word_1_314' title='bbox 1247 2624 1382 2681; x_wconf 75' lang='lat' dir='ltr'>vulyo</span> <span class='ocrx_word' id='word_1_315' title='bbox 1423 2625 1438 2680; x_wconf 89' lang='grc' dir='ltr'>ΙΙ</span> <span class='ocrx_word' id='word_1_316' title='bbox 1478 2624 1746 2670; x_wconf 88' lang='lat' dir='ltr'>scrabrones</span> <span class='ocrx_word' id='word_1_317' title='bbox 1779 2626 1829 2670; x_wconf 96' lang='lat' dir='ltr'><strong><em>L</em></strong></span> <span class='ocrx_word' id='word_1_318' title='bbox 1848 2625 1902 2681; x_wconf 95' lang='lat' dir='ltr'>V,</span> <span class='ocrx_word' id='word_1_319' title='bbox 1931 2624 2092 2670; x_wconf 83' lang='lat' dir='ltr'>scrabo</span> <span class='ocrx_word' id='word_1_320' title='bbox 2122 2625 2177 2669; x_wconf 91' lang='lat' dir='ltr'><strong><em>P</em></strong></span> <span class='ocrx_word' id='word_1_321' title='bbox 2215 2625 2231 2679; x_wconf 71' lang='lat' dir='ltr'>fl</span> <span class='ocrx_word' id='word_1_322' title='bbox 2269 2623 2462 2670; x_wconf 82' lang='lat' dir='ltr'>Pressus</span> 
     </span>
     <span class='ocr_line' id='line_1_29' title="bbox 365 2690 852 2747; baseline 0 -9"><span class='ocrx_word' id='word_1_323' title='bbox 365 2693 505 2740; x_wconf 91' lang='lat' dir='ltr'>humo</span> <span class='ocrx_word' id='word_1_324' title='bbox 536 2700 561 2738; x_wconf 71' lang='grc' dir='ltr'>ὂ</span> <span class='ocrx_word' id='word_1_325' title='bbox 591 2690 647 2747; x_wconf 62' lang='lat' dir='ltr'>qd</span> <span class='ocrx_word' id='word_1_326' title='bbox 677 2695 769 2738; x_wconf 84' lang='lat' dir='ltr'>add</span> <span class='ocrx_word' id='word_1_327' title='bbox 798 2696 852 2739; x_wconf 92' lang='lat' dir='ltr'><strong><em>P</em></strong></span> 
     </span>
    </p>

    <p class='ocr_par' dir='ltr' id='par_1_8' title="bbox 507 2765 2105 2824">
     <span class='ocr_line' id='line_1_30' title="bbox 507 2765 2105 2824; baseline 0.001 -14"><span class='ocrx_word' id='word_1_328' title='bbox 507 2767 593 2822; x_wconf 64' lang='grc' dir='ltr'>ὗες)</span> <span class='ocrx_word' id='word_1_329' title='bbox 622 2767 700 2823; x_wconf 81' lang='lat' dir='ltr'>fab</span> <span class='ocrx_word' id='word_1_330' title='bbox 729 2765 789 2811; x_wconf 87' lang='lat'>30</span> <span class='ocrx_word' id='word_1_331' title='bbox 819 2765 1057 2823; x_wconf 87' lang='lat' dir='ltr'>(Cancrum</span> <span class='ocrx_word' id='word_1_332' title='bbox 1087 2766 1156 2824; x_wconf 79' lang='lat' dir='ltr'>sq)</span> <span class='ocrx_word' id='word_1_333' title='bbox 1187 2780 1260 2810; x_wconf 86' lang='lat' dir='ltr'>om</span> <span class='ocrx_word' id='word_1_334' title='bbox 1289 2767 1343 2810; x_wconf 95' lang='lat' dir='ltr'><strong><em>P</em></strong></span> <span class='ocrx_word' id='word_1_335' title='bbox 1388 2766 1403 2822; x_wconf 80' lang='grc' dir='ltr'>ΙΙ</span> <span class='ocrx_word' id='word_1_336' title='bbox 1454 2765 1604 2811; x_wconf 87' lang='lat' dir='ltr'>dentis</span> <span class='ocrx_word' id='word_1_337' title='bbox 1632 2766 1683 2810; x_wconf 95' lang='lat' dir='ltr'><strong><em>L</em></strong></span> <span class='ocrx_word' id='word_1_338' title='bbox 1731 2766 1748 2821; x_wconf 90' lang='grc' dir='ltr'>Ι</span> <span class='ocrx_word' id='word_1_339' title='bbox 1797 2765 2025 2811; x_wconf 89' lang='lat' dir='ltr'>subbicias</span> <span class='ocrx_word' id='word_1_340' title='bbox 2053 2767 2105 2810; x_wconf 94' lang='lat' dir='ltr'><strong><em>L</em></strong></span> 
     </span>
    </p>

    <p class='ocr_par' dir='ltr' id='par_1_9' title="bbox 366 2836 2468 2961">
     <span class='ocr_line' id='line_1_31' title="bbox 507 2836 2468 2894; baseline 0.003 -14"><span class='ocrx_word' id='word_1_341' title='bbox 507 2836 595 2891; x_wconf 71' lang='lat' dir='ltr'>68q</span> <span class='ocrx_word' id='word_1_342' title='bbox 623 2836 851 2890; x_wconf 89' lang='lat' dir='ltr'>Tinee(ae)</span> <span class='ocrx_word' id='word_1_343' title='bbox 881 2842 1084 2893; x_wconf 84' lang='lat' dir='ltr'>agrestes</span> <span class='ocrx_word' id='word_1_344' title='bbox 1102 2838 1221 2882; x_wconf 91' lang='lat' dir='ltr'>PL</span> <span class='ocrx_word' id='word_1_345' title='bbox 1251 2838 1304 2894; x_wconf 90' lang='lat' dir='ltr'>V,</span> <span class='ocrx_word' id='word_1_346' title='bbox 1348 2836 1605 2892; x_wconf 83' lang='lat' dir='ltr'>Bombyces</span> <span class='ocrx_word' id='word_1_347' title='bbox 1647 2837 1781 2894; x_wconf 78' lang='lat' dir='ltr'>vulyo</span> <span class='ocrx_word' id='word_1_348' title='bbox 1832 2837 1847 2893; x_wconf 88' lang='grc' dir='ltr'>ΙΙ</span> <span class='ocrx_word' id='word_1_349' title='bbox 1897 2837 2047 2894; x_wconf 80' lang='lat' dir='ltr'>Queq3</span> <span class='ocrx_word' id='word_1_350' title='bbox 2077 2836 2196 2883; x_wconf 74' lang='lat' dir='ltr'>solet</span> <span class='ocrx_word' id='word_1_351' title='bbox 2223 2837 2338 2883; x_wconf 82' lang='lat' dir='ltr'>cesis</span> <span class='ocrx_word' id='word_1_352' title='bbox 2367 2839 2468 2893; x_wconf 73' lang='grc' dir='ltr'><em>(εἰσ)</em></span> 
     </span>
     <span class='ocr_line' id='line_1_32' title="bbox 366 2900 777 2961; baseline -0.002 -9"><span class='ocrx_word' id='word_1_353' title='bbox 366 2900 427 2959; x_wconf 64' lang='lat' dir='ltr'>‘lc&#39;</span> <span class='ocrx_word' id='word_1_354' title='bbox 456 2907 573 2961; x_wconf 88' lang='grc'><em>(372)</em></span> <span class='ocrx_word' id='word_1_355' title='bbox 602 2908 695 2951; x_wconf 81' lang='lat' dir='ltr'>add</span> <span class='ocrx_word' id='word_1_356' title='bbox 723 2908 777 2951; x_wconf 91' lang='lat' dir='ltr'><strong><em>P</em></strong></span> 
     </span>
    </p>
   </div>
   <div class='ocr_carea' id='block_1_4' title="bbox 367 2985 2463 3544">
    <p class='ocr_par' dir='ltr' id='par_1_10' title="bbox 367 2985 2463 3544">
     <span class='ocr_line' id='line_1_33' title="bbox 509 2985 2148 3049; baseline 0.001 -13"><span class='ocrx_word' id='word_1_357' title='bbox 509 2993 538 3036; x_wconf 87' lang='grc'>8</span> <span class='ocrx_word' id='word_1_358' title='bbox 569 2991 710 3047; x_wconf 86' lang='lat' dir='ltr'>pedes</span> <span class='ocrx_word' id='word_1_359' title='bbox 739 2993 995 3037; x_wconf 88' lang='lat' dir='ltr'>increscunt</span> <span class='ocrx_word' id='word_1_360' title='bbox 1023 3006 1096 3036; x_wconf 82' lang='lat' dir='ltr'>om</span> <span class='ocrx_word' id='word_1_361' title='bbox 1123 2994 1178 3037; x_wconf 93' lang='lat' dir='ltr'><strong><em>P</em></strong></span> <span class='ocrx_word' id='word_1_362' title='bbox 1221 2993 1235 3049; x_wconf 94' lang='grc' dir='ltr'>ΙΙ</span> <span class='ocrx_word' id='word_1_363' title='bbox 1287 2992 1468 3038; x_wconf 85' lang='lat' dir='ltr'>Semina</span> <span class='ocrx_word' id='word_1_364' title='bbox 1495 2992 1631 3036; x_wconf 87' lang='lat' dir='ltr'>limus</span> <span class='ocrx_word' id='word_1_365' title='bbox 1660 2986 1718 3036; x_wconf 70' lang='lat' dir='ltr'>hf</span> <span class='ocrx_word' id='word_1_366' title='bbox 1741 2985 1800 3044; x_wconf 62' lang='lat' dir='ltr'>qd</span> <span class='ocrx_word' id='word_1_367' title='bbox 1829 2992 1944 3047; x_wconf 82' lang='lat'>(375)</span> <span class='ocrx_word' id='word_1_368' title='bbox 1973 2992 2067 3037; x_wconf 84' lang='lat' dir='ltr'>add</span> <span class='ocrx_word' id='word_1_369' title='bbox 2093 2994 2148 3038; x_wconf 94' lang='lat' dir='ltr'><strong><em>P</em></strong></span> 
     </span>
     <span class='ocr_line' id='line_1_34' title="bbox 507 3058 1792 3120; baseline 0.001 -14"><span class='ocrx_word' id='word_1_370' title='bbox 507 3062 538 3107; x_wconf 85' lang='lat'>9</span> <span class='ocrx_word' id='word_1_371' title='bbox 565 3062 660 3107; x_wconf 89' lang='lat' dir='ltr'>Nec</span> <span class='ocrx_word' id='word_1_372' title='bbox 688 3063 864 3108; x_wconf 89' lang='lat' dir='ltr'>catulus</span> <span class='ocrx_word' id='word_1_373' title='bbox 891 3069 1025 3120; x_wconf 85' lang='lat' dir='ltr'>partu</span> <span class='ocrx_word' id='word_1_374' title='bbox 1055 3058 1117 3116; x_wconf 65' lang='lat' dir='ltr'>‘lc&#39;</span> <span class='ocrx_word' id='word_1_375' title='bbox 1147 3063 1264 3116; x_wconf 89' lang='lat'>(379)</span> <span class='ocrx_word' id='word_1_376' title='bbox 1284 3066 1397 3119; x_wconf 77' lang='lat' dir='ltr'>post</span> <span class='ocrx_word' id='word_1_377' title='bbox 1422 3062 1503 3119; x_wconf 79' lang='lat' dir='ltr'>fab</span> <span class='ocrx_word' id='word_1_378' title='bbox 1531 3062 1594 3108; x_wconf 88' lang='grc'><em>33</em></span> <span class='ocrx_word' id='word_1_379' title='bbox 1618 3063 1710 3107; x_wconf 84' lang='lat' dir='ltr'>add</span> <span class='ocrx_word' id='word_1_380' title='bbox 1738 3064 1792 3107; x_wconf 95' lang='lat' dir='ltr'><strong><em>P</em></strong></span> 
     </span>
     <span class='ocr_line' id='line_1_35' title="bbox 481 3132 2457 3191; baseline 0.001 -14"><span class='ocrx_word' id='word_1_381' title='bbox 481 3132 595 3188; x_wconf 78' lang='lat' dir='ltr'>msq</span> <span class='ocrx_word' id='word_1_382' title='bbox 625 3133 674 3176; x_wconf 92' lang='lat' dir='ltr'>in</span> <span class='ocrx_word' id='word_1_383' title='bbox 703 3133 837 3178; x_wconf 92' lang='lat' dir='ltr'>initio</span> <span class='ocrx_word' id='word_1_384' title='bbox 865 3135 929 3187; x_wconf 93' lang='lat' dir='ltr'>P,</span> <span class='ocrx_word' id='word_1_385' title='bbox 959 3134 1092 3179; x_wconf 88' lang='lat' dir='ltr'>initio</span> <span class='ocrx_word' id='word_1_386' title='bbox 1120 3135 1171 3179; x_wconf 94' lang='lat' dir='ltr'><strong><em>L</em></strong></span> <span class='ocrx_word' id='word_1_387' title='bbox 1200 3135 1247 3181; x_wconf 92' lang='lat' dir='ltr'><strong><em>V</em></strong></span> <span class='ocrx_word' id='word_1_388' title='bbox 1269 3134 1405 3191; x_wconf 67' lang='lat' dir='ltr'>vulgo</span> <span class='ocrx_word' id='word_1_389' title='bbox 1455 3135 1470 3190; x_wconf 89' lang='grc' dir='ltr'>ΙΙ</span> <span class='ocrx_word' id='word_1_390' title='bbox 1519 3133 2009 3191; x_wconf 85' lang='lat' dir='ltr'>postea—produntur]</span> <span class='ocrx_word' id='word_1_391' title='bbox 2039 3134 2104 3178; x_wconf 68' lang='lat' dir='ltr'>sic</span> <span class='ocrx_word' id='word_1_392' title='bbox 2130 3134 2182 3178; x_wconf 92' lang='lat' dir='ltr'><strong><em>L</em></strong></span> <span class='ocrx_word' id='word_1_393' title='bbox 2211 3134 2266 3188; x_wconf 88' lang='lat' dir='ltr'>V,</span> <span class='ocrx_word' id='word_1_394' title='bbox 2294 3138 2457 3190; x_wconf 77' lang='lat' dir='ltr'>postea</span> 
     </span>
     <span class='ocr_line' id='line_1_36' title="bbox 367 3198 2350 3261; baseline 0.002 -15"><span class='ocrx_word' id='word_1_395' title='bbox 367 3203 570 3259; x_wconf 89' lang='lat' dir='ltr'>corporis</span> <span class='ocrx_word' id='word_1_396' title='bbox 598 3209 728 3259; x_wconf 88' lang='lat' dir='ltr'>parte</span> <span class='ocrx_word' id='word_1_397' title='bbox 757 3204 843 3249; x_wconf 89' lang='lat' dir='ltr'>hac</span> <span class='ocrx_word' id='word_1_398' title='bbox 871 3205 1126 3261; x_wconf 86' lang='lat' dir='ltr'>produntur</span> <span class='ocrx_word' id='word_1_399' title='bbox 1153 3206 1252 3261; x_wconf 74' lang='lat' dir='ltr'>fort</span> <span class='ocrx_word' id='word_1_400' title='bbox 1278 3208 1395 3250; x_wconf 82' lang='lat' dir='ltr'>recte</span> <span class='ocrx_word' id='word_1_401' title='bbox 1422 3206 1477 3249; x_wconf 93' lang='lat' dir='ltr'><strong><em>P</em></strong></span> <span class='ocrx_word' id='word_1_402' title='bbox 1522 3205 1537 3261; x_wconf 79' lang='grc' dir='ltr'>ΙΙ</span> <span class='ocrx_word' id='word_1_403' title='bbox 1588 3204 1751 3250; x_wconf 87' lang='lat' dir='ltr'>Nonne</span> <span class='ocrx_word' id='word_1_404' title='bbox 1780 3204 1911 3250; x_wconf 88' lang='lat' dir='ltr'>uides</span> <span class='ocrx_word' id='word_1_405' title='bbox 1939 3198 1998 3257; x_wconf 62' lang='lat' dir='ltr'>qd</span> <span class='ocrx_word' id='word_1_406' title='bbox 2029 3204 2145 3259; x_wconf 85' lang='grc'><em>(382)</em></span> <span class='ocrx_word' id='word_1_407' title='bbox 2173 3205 2266 3249; x_wconf 83' lang='lat' dir='ltr'>add</span> <span class='ocrx_word' id='word_1_408' title='bbox 2294 3205 2350 3249; x_wconf 90' lang='lat' dir='ltr'><strong><em>P</em></strong></span> 
     </span>
     <span class='ocr_line' id='line_1_37' title="bbox 511 3274 2463 3332; baseline 0.001 -14"><span class='ocrx_word' id='word_1_409' title='bbox 511 3276 568 3318; x_wconf 92' lang='lat'>11</span> <span class='ocrx_word' id='word_1_410' title='bbox 598 3274 782 3320; x_wconf 85' lang='lat' dir='ltr'>iunonis</span> <span class='ocrx_word' id='word_1_411' title='bbox 809 3276 864 3320; x_wconf 92' lang='lat' dir='ltr'><strong><em>P</em></strong></span> <span class='ocrx_word' id='word_1_412' title='bbox 889 3276 943 3329; x_wconf 89' lang='lat' dir='ltr'>V,</span> <span class='ocrx_word' id='word_1_413' title='bbox 972 3276 1092 3321; x_wconf 88' lang='lat' dir='ltr'>iouis</span> <span class='ocrx_word' id='word_1_414' title='bbox 1118 3277 1170 3320; x_wconf 96' lang='lat' dir='ltr'><strong><em>L</em></strong></span> <span class='ocrx_word' id='word_1_415' title='bbox 1312 3275 1370 3320; x_wconf 85' lang='lat'>12</span> <span class='ocrx_word' id='word_1_416' title='bbox 1398 3275 1641 3332; x_wconf 90' lang='lat' dir='ltr'>columque</span> <span class='ocrx_word' id='word_1_417' title='bbox 1670 3276 1724 3320; x_wconf 94' lang='lat' dir='ltr'><strong><em>P</em></strong></span> <span class='ocrx_word' id='word_1_418' title='bbox 1862 3275 1920 3322; x_wconf 89' lang='grc'><em>13</em></span> <span class='ocrx_word' id='word_1_419' title='bbox 1949 3275 2027 3320; x_wconf 92' lang='lat' dir='ltr'>oui</span> <span class='ocrx_word' id='word_1_420' title='bbox 2065 3288 2182 3332; x_wconf 87' lang='lat' dir='ltr'>quae</span> <span class='ocrx_word' id='word_1_421' title='bbox 2208 3275 2273 3329; x_wconf 87' lang='lat' dir='ltr'>L,</span> <span class='ocrx_word' id='word_1_422' title='bbox 2303 3274 2433 3331; x_wconf 87' lang='lat' dir='ltr'>iouiq</span> <span class='ocrx_word' id='word_1_423' title='bbox 2449 3289 2463 3327; x_wconf 71' lang='grc' dir='ltr'>ς</span> 
     </span>
     <span class='ocr_line' id='line_1_38' title="bbox 370 3339 2275 3403; baseline 0.002 -15"><span class='ocrx_word' id='word_1_424' title='bbox 370 3343 466 3399; x_wconf 57' lang='grc' dir='ltr'><em>(εἰσ)</em></span> <span class='ocrx_word' id='word_1_425' title='bbox 496 3346 559 3398; x_wconf 88' lang='lat' dir='ltr'>P,</span> <span class='ocrx_word' id='word_1_426' title='bbox 591 3346 669 3390; x_wconf 91' lang='lat' dir='ltr'>oui</span> <span class='ocrx_word' id='word_1_427' title='bbox 700 3346 778 3402; x_wconf 90' lang='lat' dir='ltr'>qui</span> <span class='ocrx_word' id='word_1_428' title='bbox 807 3347 855 3391; x_wconf 94' lang='lat' dir='ltr'><strong><em>V</em></strong></span> <span class='ocrx_word' id='word_1_429' title='bbox 877 3347 1011 3403; x_wconf 69' lang='lat' dir='ltr'>mclyo</span> <span class='ocrx_word' id='word_1_430' title='bbox 1061 3348 1076 3402; x_wconf 73' lang='grc' dir='ltr'>Ιζ</span> <span class='ocrx_word' id='word_1_431' title='bbox 1126 3346 1316 3392; x_wconf 87' lang='lat' dir='ltr'>Iunonis</span> <span class='ocrx_word' id='word_1_432' title='bbox 1345 3346 1531 3391; x_wconf 74' lang='lat' dir='ltr'>uoluere</span> <span class='ocrx_word' id='word_1_433' title='bbox 1563 3359 1704 3403; x_wconf 81' lang='lat' dir='ltr'>queq3</span> <span class='ocrx_word' id='word_1_434' title='bbox 1742 3347 1837 3400; x_wconf 75' lang='lat' dir='ltr'>(sic)</span> <span class='ocrx_word' id='word_1_435' title='bbox 1867 3339 1924 3399; x_wconf 72' lang='grc' dir='ltr'><em>Ἶᾶ</em></span> <span class='ocrx_word' id='word_1_436' title='bbox 1952 3345 2068 3403; x_wconf 85' lang='grc'><em>(38.5)</em></span> <span class='ocrx_word' id='word_1_437' title='bbox 2098 3345 2194 3391; x_wconf 83' lang='lat' dir='ltr'>add</span> <span class='ocrx_word' id='word_1_438' title='bbox 2220 3346 2275 3391; x_wconf 92' lang='lat' dir='ltr'><strong><em>P</em></strong></span> 
     </span>
     <span class='ocr_line' id='line_1_39' title="bbox 510 3411 2085 3475; baseline 0.001 -16"><span class='ocrx_word' id='word_1_439' title='bbox 510 3415 625 3470; x_wconf 82' lang='lat' dir='ltr'>13sq</span> <span class='ocrx_word' id='word_1_440' title='bbox 655 3416 713 3460; x_wconf 89' lang='lat' dir='ltr'>Ni</span> <span class='ocrx_word' id='word_1_441' title='bbox 743 3417 879 3461; x_wconf 87' lang='lat' dir='ltr'>sciret</span> <span class='ocrx_word' id='word_1_442' title='bbox 906 3411 955 3461; x_wconf 86' lang='lat' dir='ltr'>fi&#39;</span> <span class='ocrx_word' id='word_1_443' title='bbox 977 3443 987 3452; x_wconf 91' lang='lat'><strong>·</strong></span> <span class='ocrx_word' id='word_1_444' title='bbox 1023 3423 1193 3462; x_wconf 88' lang='lat' dir='ltr'>certum</span> <span class='ocrx_word' id='word_1_445' title='bbox 1223 3418 1317 3471; x_wconf 81' lang='lat' dir='ltr'>(sic)</span> <span class='ocrx_word' id='word_1_446' title='bbox 1347 3411 1405 3469; x_wconf 74' lang='grc' dir='ltr'><em>Ἷό</em></span> <span class='ocrx_word' id='word_1_447' title='bbox 1435 3417 1554 3471; x_wconf 83' lang='grc'><em>(388)</em></span> <span class='ocrx_word' id='word_1_448' title='bbox 1575 3420 1688 3474; x_wconf 73' lang='lat' dir='ltr'>post</span> <span class='ocrx_word' id='word_1_449' title='bbox 1714 3417 1794 3475; x_wconf 80' lang='lat' dir='ltr'>fab</span> <span class='ocrx_word' id='word_1_450' title='bbox 1823 3417 1886 3463; x_wconf 89' lang='grc'><em>36</em></span> <span class='ocrx_word' id='word_1_451' title='bbox 1909 3417 2003 3462; x_wconf 84' lang='lat' dir='ltr'>add</span> <span class='ocrx_word' id='word_1_452' title='bbox 2030 3418 2085 3461; x_wconf 90' lang='lat' dir='ltr'><strong><em>P</em></strong></span> 
     </span>
     <span class='ocr_line' id='line_1_40' title="bbox 508 3484 2455 3544; baseline 0.001 -15"><span class='ocrx_word' id='word_1_453' title='bbox 508 3487 566 3529; x_wconf 75' lang='lat'>14</span> <span class='ocrx_word' id='word_1_454' title='bbox 594 3486 804 3531; x_wconf 83' lang='lat' dir='ltr'>Phoenix</span> <span class='ocrx_word' id='word_1_455' title='bbox 831 3489 895 3541; x_wconf 92' lang='lat' dir='ltr'>L,</span> <span class='ocrx_word' id='word_1_456' title='bbox 925 3487 1101 3533; x_wconf 87' lang='lat' dir='ltr'>Phenix</span> <span class='ocrx_word' id='word_1_457' title='bbox 1128 3489 1191 3543; x_wconf 89' lang='lat' dir='ltr'>P,</span> <span class='ocrx_word' id='word_1_458' title='bbox 1221 3487 1409 3532; x_wconf 88' lang='lat' dir='ltr'>Phoenis</span> <span class='ocrx_word' id='word_1_459' title='bbox 1438 3489 1485 3534; x_wconf 90' lang='lat' dir='ltr'><strong><em>V</em></strong></span> <span class='ocrx_word' id='word_1_460' title='bbox 1518 3489 1533 3544; x_wconf 77' lang='grc' dir='ltr'>ΙΙ</span> <span class='ocrx_word' id='word_1_461' title='bbox 1575 3487 1747 3543; x_wconf 83' lang='lat' dir='ltr'>ssyriae</span> <span class='ocrx_word' id='word_1_462' title='bbox 1772 3489 1836 3543; x_wconf 92' lang='lat' dir='ltr'><strong><em>L,</em></strong></span> <span class='ocrx_word' id='word_1_463' title='bbox 1867 3488 2024 3533; x_wconf 87' lang='lat' dir='ltr'>assirie</span> <span class='ocrx_word' id='word_1_464' title='bbox 2050 3487 2105 3532; x_wconf 93' lang='lat' dir='ltr'><strong><em>P</em></strong></span> <span class='ocrx_word' id='word_1_465' title='bbox 2212 3487 2269 3531; x_wconf 76' lang='lat'>17</span> <span class='ocrx_word' id='word_1_466' title='bbox 2298 3484 2455 3532; x_wconf 82' lang='lat' dir='ltr'>urbem</span> 
     </span>
    </p>
   </div>
   <div class='ocr_carea' id='block_1_5' title="bbox 368 3552 2455 3679">
    <p class='ocr_par' dir='ltr' id='par_1_11' title="bbox 368 3552 2455 3679">
     <span class='ocr_line' id='line_1_41' title="bbox 368 3552 2455 3679; baseline 0.002 -80"><span class='ocrx_word' id='word_1_467' title='bbox 368 3554 494 3679; x_wconf 42' lang='lat'><strong>(1393</strong></span> <span class='ocrx_word' id='word_1_468' title='bbox 516 3556 663 3670; x_wconf 57' lang='lat' dir='ltr'>vzcollyo,</span> <span class='ocrx_word' id='word_1_469' title='bbox 694 3558 851 3603; x_wconf 89' lang='lat' dir='ltr'>orbem</span> <span class='ocrx_word' id='word_1_470' title='bbox 881 3560 931 3602; x_wconf 89' lang='lat' dir='ltr'><strong><em>L</em></strong></span> <span class='ocrx_word' id='word_1_471' title='bbox 1074 3559 1130 3604; x_wconf 88' lang='lat'>18</span> <span class='ocrx_word' id='word_1_472' title='bbox 1160 3559 1280 3604; x_wconf 90' lang='lat' dir='ltr'>enim</span> <span class='ocrx_word' id='word_1_473' title='bbox 1310 3572 1383 3603; x_wconf 86' lang='lat' dir='ltr'>om</span> <span class='ocrx_word' id='word_1_474' title='bbox 1413 3560 1467 3603; x_wconf 92' lang='lat' dir='ltr'><strong><em>P</em></strong></span> <span class='ocrx_word' id='word_1_475' title='bbox 1513 3559 1527 3614; x_wconf 94' lang='grc' dir='ltr'>ΙΙ</span> <span class='ocrx_word' id='word_1_476' title='bbox 1576 3558 1733 3616; x_wconf 78' lang='lat' dir='ltr'>pplere</span> <span class='ocrx_word' id='word_1_477' title='bbox 1760 3559 1814 3603; x_wconf 93' lang='lat' dir='ltr'><strong><em>P</em></strong></span> <span class='ocrx_word' id='word_1_478' title='bbox 1858 3560 1874 3614; x_wconf 84' lang='grc' dir='ltr'>ΙΙ</span> <span class='ocrx_word' id='word_1_479' title='bbox 1923 3558 2021 3603; x_wconf 91' lang='lat' dir='ltr'>Hec</span> <span class='ocrx_word' id='word_1_480' title='bbox 2054 3560 2148 3603; x_wconf 77' lang='lat' dir='ltr'>taffi</span> <span class='ocrx_word' id='word_1_481' title='bbox 2179 3570 2236 3602; x_wconf 86' lang='lat' dir='ltr'>ex</span> <span class='ocrx_word' id='word_1_482' title='bbox 2264 3555 2365 3602; x_wconf 80' lang='lat' dir='ltr'>aliis</span> <span class='ocrx_word' id='word_1_483' title='bbox 2394 3552 2455 3609; x_wconf 63' lang='lat' dir='ltr'>qd</span> 
     </span>
     <span class='ocr_line' id='line_1_42' title="bbox 520 3628 693 3670; baseline 0.017 -2"><span class='ocrx_word' id='word_1_484' title='bbox 520 3640 549 3668; x_wconf 89' lang='lat' dir='ltr'>a</span> <span class='ocrx_word' id='word_1_485' title='bbox 581 3628 611 3670; x_wconf 79' lang='lat' dir='ltr'><em>d</em></span> <span class='ocrx_word' id='word_1_486' title='bbox 639 3628 693 3670; x_wconf 87' lang='grc' dir='ltr'><strong><em>Ρ</em></strong></span> 
     </span>
    </p>
   </div>
   <div class='ocr_carea' id='block_1_6' title="bbox 511 3696 1195 3753">
    <p class='ocr_par' dir='ltr' id='par_1_12' title="bbox 511 3696 1195 3753">
     <span class='ocr_line' id='line_1_43' title="bbox 511 3696 1195 3753; baseline 0.009 -14"><span class='ocrx_word' id='word_1_487' title='bbox 511 3696 567 3740; x_wconf 92' lang='grc'>18</span> <span class='ocrx_word' id='word_1_488' title='bbox 597 3696 760 3753; x_wconf 88' lang='lat' dir='ltr'>Hyena</span> <span class='ocrx_word' id='word_1_489' title='bbox 787 3699 838 3741; x_wconf 93' lang='lat' dir='ltr'><strong><em>L</em></strong></span> <span class='ocrx_word' id='word_1_490' title='bbox 868 3699 921 3753; x_wconf 88' lang='lat' dir='ltr'><strong><em>V,</em></strong></span> <span class='ocrx_word' id='word_1_491' title='bbox 964 3699 1113 3744; x_wconf 90' lang='lat' dir='ltr'>Hiena</span> <span class='ocrx_word' id='word_1_492' title='bbox 1142 3701 1195 3744; x_wconf 93' lang='lat' dir='ltr'><strong><em>P</em></strong></span> 
     </span>
    </p>
   </div>
   <div class='ocr_carea' id='block_1_7' title="bbox 2499 1149 2550 1191">
    <p class='ocr_par' dir='ltr' id='par_1_13' title="bbox 2499 1149 2550 1191">
     <span class='ocr_line' id='line_1_44' title="bbox 2499 1149 2550 1191; baseline 0 0"><span class='ocrx_word' id='word_1_493' title='bbox 2499 1149 2550 1191; x_wconf 79' lang='lat'>10</span> 
     </span>
    </p>
   </div>
   <div class='ocr_carea' id='block_1_8' title="bbox 2494 1575 2545 1616">
    <p class='ocr_par' dir='ltr' id='par_1_14' title="bbox 2494 1575 2545 1616">
     <span class='ocr_line' id='line_1_45' title="bbox 2494 1575 2545 1616; baseline 0 0"><span class='ocrx_word' id='word_1_494' title='bbox 2494 1575 2545 1616; x_wconf 82' lang='lat'>15</span> 
     </span>
    </p>
   </div>
  </div>
 </body>
</html>
