2528 4088
2037 219 2186 258 XXVII

449 356 643 397 Coradus
673 356 976 406 queynheim:
1007 357 1223 397 Arnoldus
1251 359 1471 407 panartzffl
1501 357 1694 406 magistri

566 427 702 466 Roma
731 427 1040 476 impresserunt
1068 428 1171 467 talia
1200 428 1335 467 multa
1365 427 1508 468 simul.

449 499 599 538 Petrus
630 509 728 537 cum
758 498 888 537 tratre
919 499 1171 538 Franciscus
1199 499 1413 538 Maximus
1443 500 1572 538 ambo

563 569 672 608 Huic
706 569 825 618 operi
856 572 1046 618 aptatam
1076 570 1344 609 contribuere
1375 570 1567 612 domum.

111 658 287 707 textus
335 657 590 706 carminis
634 657 900 720 conflatus
937 659 1018 705 est
1052 671 1118 706 ex
1154 657 1503 719 conpluribus
1552 657 1843 716 codicibu8‚
1890 656 1945 703 in
1985 655 2186 716 quibus

109 743 287 792 tamen
324 740 386 791 M
420 742 719 804 principem
760 742 935 790 locum
975 735 1194 791 obtinet.

250 826 299 876 2.
335 826 569 875 Editio
601 826 827 875 Veneta
855 822 1120 889 tertial)
1144 828 1278 876 anni
1299 827 1455 876 1486.
1503 827 1683 890 forma
1710 826 1960 874 maxima.
2018 825 2186 874 edito·
2213 826 2261 873 V

106 925 218 961 rem
268 912 323 960 in
356 911 693 974 praefatione
738 925 797 960 se
840 912 1127 975 profitetur
1159 912 1346 961 Bonus
1382 911 1675 960 Accursius
1710 910 1957 959 Pisanus,
2027 923 2185 972 prae-

105 997 271 1046 missa
308 998 390 1045 est
426 997 532 1045 vita
573 996 763 1046 Ovidii.
840 998 979 1045 inter
1014 998 1214 1046 textum
1254 998 1482 1046 insertae
1529 997 1660 1045 sunt
1695 996 1942 1044 Lactanti
1985 995 2191 1044 Placidi

107 1082 207 1143 qui
239 1081 438 1130 dicitur
469 1083 805 1131 narrationes
836 1082 1148 1145 fabularum
1190 1081 1571 1132 Ouidianarum
1598 1079 1682 1144 (cf
1698 1081 1866 1130 huius
1890 1081 1960 1129 ed
1975 1095 2016 1143 p
2042 1079 2184 1142 629).

107 1167 163 1215 in
194 1166 309 1230 fine
344 1167 426 1215 est
459 1165 594 1215 haec
629 1167 984 1229 subscriptio:
1029 1167 1351 1230 Impressum
1395 1166 1624 1216 uenetiis
1661 1180 1758 1229 per
1794 1165 2185 1214 Bernardjnum

106 1249 174 1300 de
210 1250 444 1300 Nouaria
468 1250 948 1301 MCCCCLXXXVI
973 1251 1060 1301 die
1086 1251 1199 1300 XIII
1223 1252 1480 1300 Januarii.
1540 1253 1715 1300 textus
1751 1253 1833 1300 est
1869 1251 2187 1312 inquinatus

105 1336 239 1384 satis
274 1336 461 1385 multis
498 1337 709 1385 mendis
747 1337 1166 1399 typoqraphiciS.
1217 1339 1448 1386 ceterum
1475 1336 1609 1386 haec
1634 1337 1796 1385 editio
1835 1337 1975 1384 inter
2010 1336 2186 1384 vetus-

108 1420 346 1469 tissimas
381 1420 537 1470 haud
569 1422 682 1470 scio
718 1436 789 1470 an
826 1422 1059 1470 maxime
1093 1421 1457 1470 memorabilis
1493 1422 1578 1470 sit.
1654 1421 1828 1470 editor
1860 1421 2002 1469 enim
2042 1422 2095 1469 et
2131 1421 2186 1468 in

107 1506 253 1554 textu
292 1506 547 1555 carminis
582 1508 636 1555 et
671 1507 726 1554 in
764 1507 1166 1555 narrationibus
1201 1506 1454 1555 adhibuit
1489 1520 1611 1554 cum
1648 1506 1785 1554 alios
1822 1505 2031 1554 codices
2074 1519 2185 1553 me-

108 1589 258 1638 lioris
293 1592 454 1639 notae
492 1592 605 1638 tum
631 1590 968 1639 Marcianum
994 1588 1118 1652 (M).
1171 1604 1338 1651 quare
1374 1591 1490 1639 eius
1529 1590 1781 1638 lectiones
1816 1590 2185 1638 auctoritatem

107 1675 379 1735 quandam
435 1674 635 1723 habere
687 1674 828 1723 mihi
881 1675 1142 1723 videntur.
1226 1689 1358 1723 usus
1411 1689 1533 1723 sum
1582 1674 1874 1736 exemplari
1918 1673 2186 1733 GothanO,

107 1759 258 1819 quod
291 1773 398 1808 una
437 1773 558 1807 cum
596 1759 795 1808 Aldina
834 1759 1203 1808 liberalissime
1238 1759 1348 1808 huc
1383 1760 1533 1808 misit
1555 1759 1851 1819 REhwald,
1884 1759 2189 1822 praefectus

108 1843 459 1893 bibliothecae
495 1844 702 1893 ducalis
739 1844 1035 1893 Gothanae.

247 1927 295 1977 3.
331 1928 559 1978 Editio
581 1929 829 1978 Aldina
855 1930 989 1978 anni
1011 1929 1168 1977 1502.
1194 1924 1308 1977 120.
1346 1929 1671 1992 subscriptio
1696 1928 1831 1978 haec
1856 1929 1938 1977 est
1962 1929 2017 1975 in
2049 1929 2189 1992 fine:
2206 1925 2254 1972 A

104 2015 343 2066 Venetiis
368 2015 425 2063 in
451 2013 626 2063 aedib.
654 2013 776 2062 Aldi
800 2014 986 2062 Mense
1013 2013 1228 2063 Octobri
1253 2013 1416 2062 MDII.
1467 2015 1574 2077 ipsi
1597 2015 1825 2063 carmini
1854 2014 2188 2076 praemissus

104 2102 188 2151 est
222 2100 383 2149 index
420 2099 876 2149 Graeco-Latinus
899 2100 1183 2148 nominum
1205 2100 1568 2162 propriorum.
1627 2101 1802 2148 textus
1830 2100 1890 2147 ut
1912 2099 1994 2148 est
2015 2099 2188 2147 multo

105 2186 282 2248 mayis
334 2184 651 2234 emendatus
695 2198 859 2246 quam
907 2185 962 2232 in
998 2184 1245 2233 Romana
1290 2186 1344 2232 et
1390 2184 1602 2245 Veneta,
1661 2185 1732 2233 ita
1788 2184 1960 2232 multo
2014 2185 2190 2247 maqis

105 2270 304 2320 recedit
337 2283 370 2319 a
410 2269 560 2318 libris
596 2283 764 2318 manu
800 2270 1032 2331 scriptis·
1095 2269 1170 2318 ad
1202 2268 1347 2318 hanc
1384 2270 1552 2332 iqitur
1586 2271 1864 2331 tamquam
1904 2269 1977 2318 ad
2011 2281 2187 2316 exem-

103 2355 227 2419 plar
245 2355 625 2418 specimenque
643 2368 751 2415 eae,
785 2368 925 2416 quae
948 2355 1161 2403 secutae
1179 2356 1324 2414 sunt,
1354 2355 1617 2404 editiones
1636 2355 1884 2417 proxime
1908 2353 2187 2403 accedunt.

248 2440 457 2490 Passim
496 2440 755 2502 exscripsi
802 2440 1055 2489 lectiones
1098 2440 1365 2500 editionis,
1415 2454 1580 2502 quam
1627 2441 1743 2488 suis
1789 2439 2187 2488 commentariis

109 2525 422 2574 instructam
452 2525 671 2588 prodire
699 2525 856 2574 iussit
878 2524 1125 2587 Raphael
1146 2525 1350 2587 Reqius
1373 2539 1520 2574 anno
1557 2525 1698 2573 1510
1722 2524 2019 2573 Mediolani
2043 2523 2193 2586 apud

102 2609 444 2659 Leonardum
489 2609 696 2658 Pachel.
774 2624 906 2658 usus
949 2623 1071 2658 sum
1120 2609 1412 2672 exemplari
1446 2611 1502 2658 in
1543 2609 1864 2658 bibliotheca
1902 2610 2048 2671 reqia
2086 2608 2186 2657 Be-

103 2695 366 2744 rolinensi
398 2694 679 2744 adservato
715 2694 820 2744 sub
859 2694 943 2743 litt
967 2694 1207 2743 W3875.

246 2779 402 2829 Nihil
454 2779 648 2828 deinde
686 2780 769 2828 vel
798 2793 973 2842 paene
1025 2779 1167 2828 nihil
1201 2782 1298 2828 aut
1332 2780 1636 2829 emendatio
1690 2781 1788 2828 aut
1824 2778 2188 2840 interpretatio

41 2876 50 2891 ·’
107 2865 361 2914 carminis
409 2865 594 2914 adiuta
649 2866 731 2913 est
777 2865 844 2913 iis
896 2865 1239 2925 editionibus,
1297 2879 1437 2926 quae
1492 2865 1583 2914 illo
1649 2864 1864 2914 saeculo
1919 2865 1973 2912 et
2009 2863 2191 2925 priore

8 3886 40 4088 &0¹2⁸ss

107 2950 302 2999 decimi
323 2950 539 3012 septimi
555 2951 711 3011 parte
722 2950 1057 3012 prodierunt.
1110 2950 1313 2998 exstitit
1337 2949 1550 2998 tandem
1576 2950 1834 2999 Nicolaus
1857 2947 2116 2997 Heinsius
2126 2942 2189 3008 2),

109 3035 192 3083 vir
215 3048 464 3083 summus
493 3035 547 3082 et
578 3034 644 3082 de
666 3033 886 3083 Nasone
916 3035 1071 3083 unice
1107 3035 1346 3094 meritus,
1380 3035 1478 3096 qui
1513 3035 1790 3097 inqenium
1819 3033 2039 3083 assidua
2059 3046 2190 3095 poe-

87 3120 285 3167 ·tarum
322 3118 637 3168 Latinorum
687 3119 911 3168 lectione
946 3118 1215 3168 excultum
1254 3120 1307 3168 et
1340 3119 1416 3168 ad
1448 3133 1662 3168 omnem
1703 3119 2034 3168 venustatem
2067 3131 2191 3180 per-

110 3203 410 3266 cipiendam
448 3204 659 3266 eyreqie
689 3205 1069 3267 praeparatum
1107 3203 1181 3253 ad
1213 3204 1541 3253 restituenda
1569 3205 1624 3253 in
1645 3205 1937 3267 pristinum
1962 3204 2189 3252 nitorem

111 3288 347 3337 carmina
376 3286 534 3337 Ovidi
557 3290 884 3337 converteret
908 3290 1128 3350 quique,
1167 3303 1288 3337 cum
1316 3290 1528 3338 centum
1557 3290 1955 3352 quinquaqinta
1982 3287 2191 3337 codices

257 3468 295 3518 1)
322 3469 464 3518 prima
491 3470 656 3518 prodiit
682 3480 798 3508 anno
819 3470 944 3514 1474,
972 3470 1160 3508 secunda
1189 3469 1313 3508 1484.
1365 3471 1412 3520 cf
1424 3471 1591 3509 Panzer
1607 3471 1706 3509 Ann
1729 3473 1887 3519 typoqr
1904 3470 1972 3507 III
1987 3470 2073 3507 236
2092 3470 2190 3508 935.

253 3538 506 3589 2)Povid1·1·
546 3535 734 3578 Nasonis
778 3550 905 3588 opera
950 3552 1048 3579 cum
1094 3541 1210 3579 notis
1253 3540 1335 3579 Nic
1376 3541 1547 3580 Heinsii
1588 3541 1724 3580 Amst.
1767 3541 1879 3579 1652
1916 3540 2029 3578 1658
2066 3540 2188 3579 1661.

113 3610 470 3648 commentarium
500 3610 787 3649 Heinsianum
820 3612 1087 3650 uberrimum
1118 3611 1252 3650 habes
1283 3612 1326 3649 in
1357 3612 1412 3649 ed
1438 3611 1763 3651 Burmanniana
1784 3610 1921 3649 Amst.
1955 3610 2077 3648 1727.
2109 3621 2187 3648 no-

115 3690 210 3718 vam
240 3680 470 3719 editionem
501 3681 668 3719 curavit
685 3680 927 3720 JFFischer
944 3681 1113 3731 Lipsiae
1132 3681 1255 3720 1758.
