2580 4088
375 201 477 249 700
895 201 1119 247 Lactantii
1148 201 1324 246 Placidi
1356 201 1434 257 qui
1466 201 1627 246 dicitur
1654 202 1948 247 narrationes.

372 360 622 398 accensus
647 345 885 398 incubuit
912 345 1047 411 ensi,
1084 359 1146 397 ex
1173 344 1320 396 cuius
1347 359 1529 396 cruore
1554 343 1651 396 flos
1676 360 1964 413 purpureus
1991 344 2177 398 similis
2201 345 2468 413 hyacinthi
2578 349 2580 376 ³

191 436 273 485 fab
303 434 338 476 2
370 432 526 483 natus
568 431 650 483 est
862 429 1044 484 Ulixes
1093 430 1373 497 postquam
1410 427 1731 481 Philoctetae
1781 430 1998 497 sagittas
2034 430 2146 496 ipso
2184 431 2467 484 comitante

368 515 422 567 in
462 516 632 568 castra
671 513 987 568 Graecorum
1022 513 1250 581 pertulit,
1296 513 1485 579 quibus
1521 512 1680 566 Ilium
1717 515 1929 583 captum
1966 514 2062 578 est,
2098 515 2289 583 praeda
2325 515 2467 569 dives
2539 550 2545 558 -2

370 599 589 652 Hecuba
612 598 807 652 Priami
846 598 1069 650 coniunx
1093 597 1237 652 Ulixi
1262 598 1399 650 sorte
1427 597 1596 659 cessit,
1637 613 1768 665 quae
1793 600 2073 653 novissime
2098 599 2467 654 acerbitatibus
2540 597 2577 606 ”

371 684 641 737 interitum
689 683 1021 751 Astyanactis
1072 683 1125 735 et
1182 682 1491 749 Polyxenae,
1542 698 1674 750 quae
1720 683 1775 735 in
1819 684 1987 737 bustis
2038 684 2255 737 Achillis
2300 684 2471 738 fuerat
2503 694 2574 740 ⁵?

371 769 700 836 interempta,
747 782 1003 834 maerens,
1054 767 1219 819 classe
1257 766 1506 819 Thraciae
1545 782 1666 820 cum
1704 769 1842 821 esset
1878 769 2108 837 appulsa,
2158 785 2220 822 ex
2253 769 2468 838 reliquis

371 853 566 917 liberis,
593 853 682 919 qui
706 853 977 905 restabant
1003 853 1170 917 orbae,
1197 851 1530 920 Polydorum,
1558 853 1694 921 apud
1719 853 2076 922 Polymestora
2102 855 2190 922 qui
2206 855 2469 922 quondam

371 937 541 990 suerat
577 938 842 1006 educatuS,
877 938 1098 1006 putabat
1145 937 1462 990 incolumem
1500 953 1731 1004 manere3
1787 953 1921 1006 quae
1960 940 2086 993 dum
2123 940 2378 1008 spatiatur
2412 940 2468 992 in

371 1023 539 1086 litore,
589 1022 956 1076 animadvertit
992 1037 1113 1075 eum
1151 1037 1467 1089 exsanguem
1504 1022 1753 1076 fluctibus
1789 1024 1844 1076 in
1881 1024 2079 1078 aridam
2117 1025 2356 1078 eiectum.
2422 1025 2468 1078 is
2535 1016 2537 1019 ’

375 1109 551 1160 autem
589 1109 796 1176 propter
833 1122 1032 1169 aurum,
1073 1107 1210 1175 quod
1248 1123 1370 1160 cum
1396 1105 1598 1160 infante
1624 1108 1878 1177 Polydoro
1901 1109 2153 1163 traditum
2177 1109 2387 1163 fuerat.
2415 1150 2426 1163 .
2454 1146 2467 1161 .
2507 1119 2559 1163 10

374 1193 551 1259 itaque
590 1192 806 1245 avaritia
832 1192 1019 1245 ductus
1045 1192 1370 1261 Polymestor
1395 1208 1517 1245 eum
1550 1193 1812 1246 interfecit
1837 1195 1903 1260 et,
1942 1195 2003 1246 ut
2037 1193 2230 1248 indicia
2266 1210 2470 1263 quoque

371 1277 615 1330 facinoris
649 1278 806 1331 celari
830 1280 1058 1346 possent,
1084 1293 1205 1331 eum
1230 1278 1285 1330 in
1311 1278 1566 1346 profundo
1585 1278 1956 1347 praecipitavit.
2008 1279 2145 1347 quod
2169 1280 2230 1332 ut
2251 1278 2472 1333 Hecuba

373 1362 685 1430 supradicta,
714 1363 880 1417 Cissei
897 1363 1021 1428 filia,
1050 1364 1296 1431 conperit,
1314 1379 1404 1432 per
1422 1364 1847 1432 pollicitationem
1868 1365 2079 1429 curavit,
2103 1366 2164 1417 ut
2180 1364 2473 1433 perveniret

374 1447 439 1499 ad
486 1447 899 1516 Polymestorem
952 1449 1130 1501 dicens
1177 1464 1232 1501 se
1282 1449 1414 1501 velle
1460 1449 1662 1502 adicere
1710 1465 1865 1517 super
1908 1449 2044 1517 quod
2091 1451 2211 1502 ante
2259 1449 2472 1502 dederat

372 1546 574 1592 aurum,
623 1549 725 1600 quo
770 1533 977 1587 facilius
1015 1533 1127 1586 nati
1167 1533 1460 1587 celarentur
1495 1534 1715 1588 indicia:
1762 1536 1815 1588 et
1850 1536 2104 1603 tyrannus
2140 1549 2321 1588 verum
2357 1549 2471 1588 esse
2507 1542 2557 1585 15

375 1617 678 1670 existimans
724 1619 921 1687 petenti
967 1621 1228 1672 secretum
1266 1618 1599 1687 conloquium
1625 1619 1779 1673 dedit.
1852 1620 2072 1673 Hecuba
2093 1621 2249 1673 nacta
2272 1619 2473 1673 lumina

516 1870 543 1913 1
574 1883 681 1914 ense
700 1871 764 1923 N,
797 1871 911 1924 ens(i
934 1884 994 1915 ecc
1016 1884 1042 1915 e
1055 1885 1145 1927 per
1164 1875 1259 1923 ras)
1279 1871 1350 1914 M
1383 1872 1397 1927 Η
1438 1871 1671 1928 hyacinthi
1690 1872 1742 1925 V,
1763 1871 1944 1916 iacincti
1964 1871 2044 1928 M,
2073 1870 2260 1916 iacinthi
2277 1870 2339 1926 N,
2359 1870 2471 1929 hya-

371 1940 524 1984 cintho
554 1940 813 1986 Racnerius

514 2011 675 2055 Ecuba
704 2012 752 2055 in
778 2025 935 2057 canem
965 2015 1070 2068 post
1097 2012 1187 2057 398
1212 2013 1286 2056 Μ
1369 2011 1399 2055 2
1428 2012 1587 2057 Ulixes
1619 2012 1678 2068 0,
1709 2012 1899 2070 Ulysses
1928 2013 1974 2059 V
1996 2013 2131 2069 vulyo
2153 2013 2169 2067 ΙΙ
2195 2011 2471 2069 philoctetae

373 2083 431 2126 N
466 2081 515 2134 V,
546 2081 809 2139 phyloctete
837 2084 907 2126 M
998 2084 1028 2129 3
1056 2083 1180 2128 illius
1210 2089 1368 2140 captus
1399 2088 1471 2127 est
1499 2084 1561 2127 N
1638 2084 1724 2138 3sq
1754 2098 1883 2128 caescr
1911 2083 2018 2128 haec
2045 2083 2263 2141 Mythoyr
2290 2084 2383 2130 Vat
2409 2082 2476 2127 II

371 2152 459 2197 209
486 2155 540 2208 (p
564 2152 660 2206 145,
690 2153 806 2209 25sq
826 2153 972 2209 Bodc)
1009 2155 1023 2209 ΙΙ
1059 2154 1229 2210 praeda
1258 2169 1331 2199 om
1361 2156 1415 2198 N
1434 2155 1448 2210 ΙΙ
1470 2154 1640 2211 praeda
1670 2154 1820 2199 divisa
1849 2154 1956 2212 (abl)
1985 2154 2122 2212 Myth
2142 2156 2234 2202 Vat
2251 2158 2298 2199 et
2324 2169 2348 2199 e
2367 2155 2472 2199 coni

370 2223 593 2281 Micyllus
721 2226 750 2268 4
780 2224 924 2269 ecuba
958 2224 1004 2268 O
1036 2226 1049 2280 ΙΙ
1080 2225 1246 2269 coniux
1276 2226 1333 2269 N
1353 2226 1367 2280 Η
1389 2225 1545 2282 Vlyssi
1574 2226 1620 2272 V
1642 2225 1776 2282 vulyo
1818 2226 1832 2281 ΙΙ
1882 2225 2003 2270 forte
2041 2225 2113 2280 Vn
2147 2224 2470 2270 aceruitatibus

375 2295 421 2339 Ο
453 2295 466 2350 ΙΙ
498 2295 597 2350 fort
625 2294 674 2337 in
698 2295 841 2340 acerb.
929 2296 958 2340 5
987 2296 1183 2340 intexitu
1219 2297 1291 2340 M
1308 2296 1323 2351 ΙΙ
1346 2296 1610 2340 astianactis
1638 2297 1709 2339 M
1755 2297 1770 2352 ΙΙ
1823 2302 1868 2341 et
1897 2296 2162 2354 Polyxenae
2192 2309 2310 2351 quae
2338 2297 2392 2352 V,
2423 2301 2471 2340 et

371 2367 651 2465 polixenaec's:
682 2409 764 2465 M,
798 2413 845 2453 et
873 2408 1074 2465 polixete
1105 2422 1223 2466 quae
1253 2410 1315 2453 N
1423 2410 1453 2454 6
1483 2409 1626 2454 classe
1654 2409 1869 2454 Thratiae
1890 2410 1985 2466 (sic)
2015 2409 2066 2466 V,
2097 2409 2147 2454 in
2166 2409 2310 2453 classe
2327 2407 2467 2452 Thra-

372 2480 466 2524 ciae
497 2479 634 2536 Myth
670 2479 770 2534 Vat,
803 2480 959 2524 classae
988 2479 1174 2525 trhaciae
1210 2481 1291 2533 M,
1337 2480 1445 2525 calsi
1474 2481 1613 2526 tracie
1641 2481 1702 2537 N,
1748 2481 1890 2525 classe
1926 2481 1973 2525 in
2004 2480 2241 2525 Thraciam
2280 2478 2414 2536 vulyo
2449 2479 2466 2534 Ι

372 2551 532 2608 apulsa
559 2551 612 2594 N
629 2551 643 2607 ΙΙ
667 2552 744 2608 qui
773 2551 1019 2604 restabant]
1053 2564 1145 2608 quo
1177 2551 1429 2596 directabat
1457 2552 1516 2595 N
1633 2553 1716 2607 'leq
1746 2551 1856 2596 orbe
1889 2551 1935 2595 0
1965 2552 2041 2608 Vl}
2062 2550 2357 2607 polimestora
2379 2549 2462 2605 011

573 2622 590 2647 2

374 2667 451 2722 qui
484 2634 638 2721 quxoda
659 2664 690 2708 f.
709 2666 792 2719 M,
823 2679 848 2709 a
872 2678 964 2721 quo
995 2665 1108 2709 clam
1134 2664 1165 2709 s.
1187 2666 1254 2722 N,
1278 2664 1357 2721 qui
1376 2664 1490 2709 clam
1512 2665 1543 2711 f,
1566 2666 1613 2713 V
1628 2666 1643 2722 ΙΙ
1666 2665 1942 2710 eductusM
1956 2665 1972 2719 n
1994 2665 2215 2709 distinxit
2225 2663 2464 2717 Muncker,

372 2741 480 2782 ante
502 2738 579 2794 qui
595 2740 781 2793 ponunt
801 2736 1030 2793 viryulam
1059 2736 1193 2792 vulyo
1279 2736 1308 2780 8
1338 2736 1536 2792 putabat
1563 2751 1636 2781 om
1657 2737 1719 2780 N
1733 2738 1748 2792 {l
1769 2749 2032 2793 permanere
2061 2737 2114 2779 ed
2142 2735 2289 2780 Parm
2310 2734 2325 2790 ΙΙ
2348 2746 2465 2791 quae

1115 2808 1185 2842 ex2

373 2865 446 2894 om
474 2851 527 2894 N
544 2851 558 2906 ΙΙ
580 2850 839 2906 spargiatur
868 2850 929 2893 N
1039 2851 1126 2905 989
1172 2855 1322 2906 angue
1341 2848 1390 2900 sl,
1407 2850 1489 2903 M,
1519 2862 1667 2906 aquae
1681 2849 1730 2893 fl.
1768 2847 1802 2894 V
1826 2850 1840 2905 ΙΙ
1864 2852 1907 2902 (e
1935 2850 2050 2905 imq
2071 2863 2119 2892 m
2136 2847 2181 2902 2)
2208 2847 2334 2893 fluct.
2353 2849 2424 2892 M
2442 2849 2458 2902 Ι

372 2922 419 2964 in
450 2921 621 2965 aridam
654 2921 842 2977 (terram
862 2920 922 2977 sc)
946 2921 1136 2965 eiectum
1156 2921 1226 2963 M
1253 2920 1491 2975 Munclcer,
1523 2920 1551 2966 i.
1573 2920 1750 2964 aridum
1773 2920 1996 2964 deiectum
2025 2920 2080 2963 N
2098 2919 2291 2975 Vvulqo
2310 2918 2420 2964 olim
2449 2918 2463 2975 ΙΙ

374 2992 414 3035 is
433 2992 608 3047 scripsi,
628 2991 672 3045 (h
695 2991 858 3046 eras)is
878 2992 958 3047 M,
980 2991 1051 3035 his
1065 2991 1126 3044 N,
1147 2991 1431 3049 polymestor
1451 2992 1496 3037 V
1512 2991 1645 3048 vulyo
1750 2990 1808 3035 10
1836 2996 2015 3035 taurum
2030 2990 2092 3033 N
2106 2990 2121 3045 ΙΙ
2145 2989 2269 3045 quod
2289 3003 2363 3034 om
2381 2990 2435 3034 N
2450 2989 2464 3047 {l

371 3061 593 3106 infantem
632 3063 703 3105 M
750 3063 764 3118 ΙΙ
821 3062 1034 3118 polidoro
1068 3062 1113 3106 Ο
1164 3063 1179 3118 ΙΙ
1231 3063 1443 3106 lacunam
1472 3063 1620 3107 statui
1739 3063 1794 3105 11
1824 3062 1978 3117 itaque
2012 3060 2070 3114 O,
2101 3074 2174 3105 om
2211 3061 2258 3107 V
2286 3060 2420 3118 vulyo
2451 3061 2464 3118 §l

371 3132 663 3190 Polymestor
693 3139 843 3178 autem
864 3133 1001 3186 (enim
1022 3134 1159 3191 Mylh
1178 3133 1257 3188 ΙΙ)
1286 3138 1476 3191 propter
1498 3147 1672 3190 aurum,
1704 3132 2048 3189 quod—fuerat,
2077 3131 2273 3176 avaritia
2301 3131 2464 3177 ductus

372 3216 474 3247 eum
505 3202 732 3248 interfecit
759 3204 896 3261 Myth
936 3204 1023 3249 Vat
1050 3205 1185 3261 mllyo
1221 3206 1237 3260 ΙΙ
1272 3205 1441 3249 fuerat:
1481 3204 1679 3249 auaricia
1709 3216 1893 3260 quoque
1920 3203 2136 3247 facinoris
2166 3216 2268 3247 eum
2305 3202 2387 3247 int.
2431 3202 2471 3248 V

372 3276 427 3318 11
437 3289 485 3329 sq
517 3279 563 3319 et
581 3276 1008 3331 ut—praecipitavit
1027 3290 1100 3319 om
1119 3276 1181 3319 N
1261 3276 1318 3320 12
1337 3274 1566 3332 profundo
1590 3275 1649 3331 0,
1665 3273 1942 3332 profundum
1973 3273 2016 3318 V
2028 3272 2166 3331 Myth
2185 3275 2278 3322 Vat
2292 3273 2428 3331 vulyo
2445 3274 2462 3331 Ι

374 3345 498 3400 quod
518 3351 569 3389 ut
613 3345 655 3398 V,
687 3346 811 3400 quod
841 3360 941 3390 cum
963 3351 1015 3390 ut
1032 3347 1111 3398 M,
1144 3360 1261 3402 quae
1280 3352 1332 3390 ut
1350 3347 1417 3402 N,
1449 3346 1574 3402 quod
1594 3358 1694 3390 cum
1715 3346 1848 3402 mllyo
1870 3346 1885 3401 ΙΙ
1908 3344 2066 3389 aecuba
2092 3345 2166 3389 M
2249 3345 2309 3390 13
2333 3357 2462 3401 prae-

372 3415 491 3459 dicta
521 3417 582 3459 N
626 3417 640 3471 ΙΙ
688 3421 718 3474 13
747 3417 1012 3472 policitione
1042 3418 1236 3469 (curavit
1264 3418 1355 3472 om)
1385 3418 1441 3461 N
1576 3417 1635 3460 14
1664 3416 1959 3472 polimestore
1995 3415 2067 3458 M
2111 3415 2125 3470 ΙΙ
2176 3413 2353 3459 adicere
2382 3415 2462 3470 M,

1416 3498 1445 3523 s.
1467 3487 1612 3523 ecubae²

373 3527 567 3572 adiicere
597 3530 658 3572 N
696 3529 733 3574 V
776 3531 789 3585 ΙΙ
842 3531 966 3586 (1υο(1
996 3536 1123 3575 tanta
1149 3531 1204 3574 N
1341 3531 1399 3575 16
1427 3531 1601 3586 petenti
1631 3530 1703 3573 M
1747 3530 1762 3585 ΙΙ
1811 3529 1929 3574 collo
1969 3528 2103 3585 (finis
2134 3528 2292 3581 lineae)
2322 3527 2461 3573 collo·

375 3597 531 3651 quium
564 3599 632 3652 N,
677 3599 894 3656 colloquii
931 3602 984 3644 ecl
1016 3601 1170 3654 (Iolen,
1214 3600 1287 3645 del
1323 3604 1377 3645 ut
1403 3602 1601 3658 ylossam
1631 3600 1785 3644 Burm
1835 3601 1850 3656 ΙΙ
1900 3599 2043 3644 ecuba
2075 3599 2121 3643 0
2171 3600 2186 3655 ΙΙ
2234 3602 2368 3643 nacta
2394 3597 2460 3643 lu-

373 3665 498 3710 mina
527 3668 778 3718 (inueniens
809 3683 842 3714 s.
874 3676 1054 3726 tempus
1082 3685 1177 3715 sscr
1204 3674 1282 3724 m)
1317 3671 1376 3725 O,
1413 3677 1546 3716 nacta
1575 3672 1723 3716 locum
1754 3670 1861 3715 lum.
1902 3669 2093 3726 Vvulqo
