2554 4094
2134 231 2192 269 XI

113 364 544 430 demonstraoil).
597 368 698 418 sed
713 382 890 431 pauca
928 368 1176 418 addenda
1201 370 1334 417 sunt
1371 369 1581 418 deloco
1621 370 1855 431 quodam
1894 369 1950 432 (I
1968 372 2073 419 304
2093 372 2197 434 sq),

112 469 275 519 quem
329 468 442 504 non
498 454 747 503 inmerito
803 455 993 516 maqni
1042 453 1305 502 momenti
1337 467 1456 502 esse
1507 455 1710 516 putant
1746 456 1847 503 viri
1901 455 2201 506 doctissimi

110 534 419 601 AGercke2)
451 539 506 587 et
536 538 821 587 REhwald
830 533 892 599 3).
944 553 1071 587 nam
1100 539 1177 587 ibi
1194 538 1458 601 praebent
1493 552 1682 588 omnes
1720 540 1845 588 libri
1878 542 2198 591 recentiores

114 641 237 676 cum
274 624 518 674 Planude
567 625 621 671 et
654 622 763 671 edd
803 623 1072 671 veteribus
1126 621 1488 685 (desideratur
1521 625 1704 672 autem
1756 639 1888 686 pars
1923 627 2202 687 antiquior

113 711 239 763 libri
270 709 537 759 Marciani
571 708 677 756 223
703 728 772 746 =
796 706 870 769 F)
907 707 1067 768 hanc,
1110 722 1273 769 quam
1320 709 1609 772 confirmat
1636 709 1744 758 Sen
1770 709 1907 769 NQu
1933 710 2022 759 III
2040 712 2126 772 27,
2146 713 2197 772 3,

115 795 394 845 lectionem
435 794 549 842 iure
584 792 654 841 ab
691 792 990 841 editoribus
1027 795 1327 855 receptam:

469 891 544 929 nat
572 890 700 940 lupus
731 890 841 928 inter
870 901 987 937 oves,
1018 890 1198 929 fulvos
1228 889 1381 929 vehit
1410 889 1549 928 unda
1578 890 1768 930 leones
1785 922 1794 938 ‚

477 960 618 1000 unda
646 960 801 999 vehit
830 960 972 1009 tigre
986 973 1026 1008 s,
1058 972 1138 1000 nec
1169 961 1283 999 vires
1312 960 1506 999 fulminis
1536 969 1653 1009 apro,

478 1042 602 1070 crura
634 1042 714 1070 nec
744 1031 888 1070 ablato
917 1034 1096 1080 prosunt
1123 1031 1288 1071 velocia
1319 1041 1446 1071 cervo

108 1121 167 1170 at
201 1133 390 1169 omnes
429 1119 558 1167 boni
593 1118 802 1168 codices
837 1119 1161 1179 antiquioris
1197 1121 1373 1179 notae,
1421 1133 1521 1168 nec
1564 1119 1741 1168 solum
1779 1119 1841 1168 M
1867 1122 1933 1178 -}-
1958 1119 2018 1169 N
2036 1142 2104 1159 =
2134 1120 2198 1182 Ο,

108 1205 208 1255 sed
228 1205 388 1254 etiam
425 1204 647 1253 alterius
671 1204 859 1253 classis
885 1199 988 1269 (X)
1026 1205 1396 1266 antiquissimi
1431 1206 1641 1256 codices
1676 1207 1914 1257 mutilati
1950 1222 1976 1256 ε
1996 1223 2029 1256 τ
2054 1208 2200 1270 falso

110 1290 180 1340 ab
217 1303 347 1340 oves
383 1289 458 1338 ad
502 1289 664 1352 tigres
721 1290 1060 1338 transeuntes
1097 1290 1314 1338 omissis
1369 1289 1585 1339 duobus
1638 1291 2006 1352 hemistichiis,
2061 1306 2200 1354 quae

109 1377 242 1424 sunt
276 1374 454 1423 fulvos
503 1373 650 1423 vehit
692 1374 841 1422 unda
884 1374 1071 1423 leones
1109 1376 1163 1423 et
1208 1374 1356 1422 unda
1400 1374 1549 1423 vehit
1586 1377 1747 1440 tigres
1795 1377 2001 1426 habent
2035 1377 2202 1426 haec:

570 1473 644 1510 nat
673 1471 802 1520 lupus
832 1472 943 1510 inter
973 1480 1077 1510 oves
1107 1481 1188 1510 nec
1218 1471 1332 1509 vires
1361 1471 1558 1510 fulminis
1588 1484 1691 1522 apro

565 1553 690 1581 crura
718 1550 798 1581 nec
828 1542 973 1581 ablato
1003 1544 1182 1591 prosunt
1211 1542 1378 1580 velocia
1409 1553 1535 1581 cervo

110 1628 243 1677 sunt
275 1630 456 1677 autem
509 1629 564 1676 in
614 1626 715 1677 Οτ
766 1626 902 1689 (ηοη
952 1629 1077 1676 item
1118 1629 1173 1676 in
1214 1626 1264 1689 ε)
1318 1627 1428 1676 duo
1474 1628 1565 1677 illa
1604 1630 1804 1678 omissa
1859 1630 2195 1680 hemistichia

109 1714 208 1762 aut
228 1713 592 1775 suprascripta
616 1714 715 1761 aut
735 1712 1006 1775 adscripta
1035 1715 1200 1775 atque
1236 1727 1298 1762 ea
1339 1714 1394 1762 in
1423 1712 1474 1763 Ο
1509 1728 1542 1762 a
1579 1715 1834 1763 manibus
1869 1716 1988 1764 sine
2025 1715 2192 1765 dubio

111 1797 511 1847 recentioribus.
587 1813 624 1846 α
661 1797 840 1846 solum
899 1811 1056 1847 versu
1106 1798 1272 1861 pleno
1308 1812 1375 1847 ex
1409 1801 1488 1848 eis
1543 1798 1684 1848 male
1734 1800 2107 1862 conqlutinato
2144 1803 2199 1850 et

111 1882 252 1932 male
281 1883 587 1944 postposito
623 1881 759 1931 haec
795 1882 994 1931 habet:

562 1996 636 2033 nat
664 1994 793 2043 iupus
823 1993 920 2045 (sic)
950 1994 1062 2033 inter
1090 2004 1193 2032 oves
1214 2004 1294 2033 nec
1314 1994 1427 2033 vires
1452 1994 1647 2033 fulminis
1678 2006 1782 2044 apro

561 2065 678 2104 unda
706 2065 825 2104 vehit
852 2065 975 2114 tigris
1004 2065 1147 2103 fulvos
1178 2064 1309 2104 trahit
1340 2063 1437 2116 (sic)
1467 2065 1585 2104 unda
1613 2066 1753 2104 leonis

562 2147 686 2175 crura
714 2147 796 2175 nec
823 2137 967 2175 ablato
997 2138 1176 2186 prosunt
1204 2137 1371 2176 velocia
1400 2146 1527 2176 cervo

112 2223 255 2272 varie
290 2222 425 2272 haec
461 2224 718 2286 explicari
740 2237 905 2286 posse
930 2223 1058 2273 olim
1096 2222 1182 2287 (cf
1205 2223 1409 2273 NJhbb
1443 2225 1600 2284 1891,
1631 2225 1734 2273 704
1758 2226 1813 2273 et
1834 2223 2036 2272 BPhW
2055 2224 2196 2272 1896

110 2307 188 2370 Sp
213 2307 354 2357 1167
371 2306 461 2369 sq)
498 2309 878 2369 demonstravi,
916 2323 1064 2357 nunc
1099 2308 1236 2358 haec
1274 2310 1358 2358 via
1395 2310 1475 2358 rei
1508 2309 1885 2372 expediendae,
1925 2322 2032 2370 qua
2071 2323 2193 2357 cum

116 2391 341 2442 Gerckio
359 2394 414 2442 et
429 2393 697 2443 Ehwaldo
718 2408 826 2443 una
845 2407 933 2443 me
954 2395 1154 2443 iturum
1175 2408 1292 2443 esse
1310 2408 1483 2456 spem,
1504 2395 1766 2458 facillima
1786 2396 1840 2443 et
1856 2395 2194 2456 apertissima

56 2464 70 2483 ⁸
116 2477 340 2527 videtur.
398 2479 450 2526 si
479 2492 661 2527 oerum
687 2480 783 2539 est,
816 2478 968 2540 quod
992 2493 1158 2541 supra
1188 2477 1261 2541 (p
1286 2479 1388 2527 VII
1401 2481 1455 2528 et
1470 2478 1574 2540 IX)
1604 2480 1731 2539 dixi,
1761 2493 1939 2540 neque
1966 2480 2195 2540 antiquo

112 2577 245 2612 aevo
291 2565 519 2612 exeunte
553 2563 1021 2626 Metamorphoses
1065 2563 1298 2612 lectitari
1345 2555 1546 2613 desitas
1582 2578 1699 2613 esse
1753 2566 1808 2614 et
1853 2565 1988 2613 satis
2024 2564 2195 2613 multa

113 2648 354 2711 exempla
393 2662 577 2698 earum
614 2649 852 2698 medium
892 2650 948 2697 in
984 2663 1177 2697 aevum
1217 2650 1426 2698 venisse
1460 2651 1559 2698 aut
1594 2652 1827 2699 correcta
1864 2651 1934 2699 ab
1972 2649 2196 2699 homine

111 2733 298 2795 aliquo
315 2748 427 2783 non
448 2734 664 2784 indocto
682 2732 710 2796 (
706 2734 767 2797 cf
771 2749 811 2797 p
829 2733 904 2782 VI
915 2735 969 2782 et
986 2734 1057 2783 ed
1073 2735 1290 2783 nostrae
1303 2749 1343 2796 p
1360 2734 1481 2794 638,
1501 2735 1600 2795 17,·
1616 2735 1736 2795 639,
1754 2736 1790 2783 8
1796 2751 1816 2795 ;
1837 2735 1953 2794 720,
1972 2733 2079 2796 15),
2099 2735 2197 2783 aut

113 2818 300 2868 classis
320 2818 583 2882 vulyatae‚
616 2820 671 2868 in
698 2819 804 2868 illis
823 2813 928 2883 (Ο)
950 2819 1059 2867 duo
1086 2819 1187 2867 ista
1207 2818 1543 2868 hemistichia
1564 2820 1763 2868 omissa
1783 2834 1900 2868 esse
1920 2820 2103 2881 liquet,
2138 2820 2194 2867 in

256 2986 296 3036 1)
324 2987 505 3026 Frustra
548 2986 776 3027 oblocutus
813 2988 880 3025 est
909 2986 1214 3024 ABernardini.
1274 2997 1325 3024 ac
1361 2986 1414 3024 de
1441 2986 1465 3024 Ι
1491 2987 1548 3024 56
1571 2986 1745 3036 fulqora
1775 2998 1810 3027 α
1843 2987 2019 3037 (frigora
2049 2986 2112 3038 A)
2148 2987 2197 3036 cf

113 3057 269 3096 BPhW
292 3057 401 3096 1911
432 3057 496 3107 Sp
525 3058 611 3096 206
624 3069 687 3107 sq.
747 3058 801 3096 de
828 3057 855 3095 I
878 3058 936 3096 82
964 3057 1048 3095 hoc
1076 3057 1201 3102 addo,
1232 3055 1493 3105 pluvialibus
1525 3057 1570 3096 in
1601 3068 1636 3097 a
1691 3069 1774 3107 pro
1802 3057 2051 3096 fluvialibus
2083 3058 2127 3096 in
2147 3056 2193 3097 A

114 3126 248 3176 (idem
277 3139 400 3167 error
426 3128 492 3167 III
518 3128 621 3179 594)
651 3128 901 3179 confirmari
927 3128 1009 3167 hac
1038 3127 1238 3166 Lactanti
1264 3126 1430 3165 Placidi
1457 3126 1506 3176 (p
1537 3128 1633 3173 632,
1663 3129 1708 3178 8)
1756 3128 2044 3178 metaphrasi:
2090 3128 2195 3166 Pro-

114 3198 313 3238 metheus
341 3198 477 3248 Iapeti
505 3198 624 3237 filius
654 3201 812 3238 terram
841 3198 1010 3237 imbre
1053 3197 1236 3236 mollivit
1282 3199 1323 3236 et
1368 3209 1423 3235 ex
1452 3197 1534 3236 hac
1562 3198 1783 3237 hominem
1812 3198 1868 3237 ad
1896 3198 1967 3237 dei
1997 3197 2194 3236 similitu-

115 3269 262 3308 dinem
306 3271 348 3309 et
392 3269 628 3318 imaginem
670 3268 810 3308 finxit.
869 3280 1009 3318 neque
1040 3268 1149 3307 illud
1175 3268 1492 3317 neyleyendum
1523 3271 1609 3314 est,
1639 3270 1757 3318 quod
1784 3281 1884 3308 cum
1921 3270 1966 3307 in
1995 3269 2195 3307 Lactanti

116 3339 438 3379 narrationibus
464 3340 713 3389 praeposita
742 3340 802 3378 sit
829 3340 1017 3389 singulis
1047 3339 1458 3388 Metamorphoseon
1489 3339 1611 3378 libris
1639 3341 1773 3378 series
1789 3339 2027 3385 titulorum,
2057 3340 2191 3377 series

113 3411 198 3449 etsi
237 3421 327 3450 non
372 3411 521 3450 eadem
564 3410 643 3449 sed
686 3411 830 3449 tamen
858 3410 1017 3449 similis
1047 3411 1092 3448 in
1122 3421 1158 3449 α
1211 3411 1432 3459 praecedit
1468 3410 1600 3449 libros
1629 3411 1673 3448 ΙΙ
1700 3412 1745 3449 et
1771 3411 1846 3449 ΙΙΙ.
1909 3410 2064 3459 colliqo
2096 3410 2195 3448 inde

116 3491 212 3519 eam
255 3481 411 3520 seriem
456 3492 545 3520 non
586 3481 746 3531 factam
792 3492 886 3519 esse
914 3492 939 3519 a
973 3481 1114 3519 scriba
1141 3481 1378 3530 fragmenti
1405 3491 1454 3525 α,
1483 3481 1562 3519 sed
1589 3481 1804 3520 exstitisse
1836 3482 1878 3520 in
1910 3492 1974 3526 eo,
2005 3492 2091 3530 quo
2122 3480 2192 3518 ille

116 3561 223 3590 usus
251 3553 329 3596 est,
360 3551 606 3601 exemplari.

257 3621 299 3670 2)
328 3621 665 3661 Senecastudien
696 3617 875 3674 (NJhbb
888 3621 1032 3671 Suppl
1059 3621 1188 3659 XXII
1214 3622 1343 3672 1895)
1371 3633 1404 3671 p
1432 3623 1489 3661 53
1504 3634 1566 3671 sq.

258 3692 300 3742 3)
330 3692 431 3731 Krit
457 3692 580 3731 Beitr
609 3704 663 3731 zu
697 3692 760 3732 Ου
789 3692 887 3742 Epp
918 3704 971 3731 ex
999 3691 1138 3730 Ponto
1169 3690 1329 3739 (Gotha
1360 3692 1489 3742 1896)
1518 3704 1549 3742 p
1582 3693 1648 3730 10.
