2580 4088
709 185 792 231 Ov.
823 186 1004 231 Metam.
1032 185 1133 231 Lib.
1154 185 1281 243 xm,
1312 200 1358 231 v.
1391 189 1626 231 281—328.
2115 190 2218 238 495

271 327 412 381 Neve
447 328 502 380 in
539 343 623 380 me
661 328 876 381 stolidae
916 330 1146 382 convicia
1179 328 1393 382 fundere
1430 329 1639 397 linguae

129 411 445 466 admiremur
481 427 614 476 eum,
651 413 796 465 vobis
836 429 1040 481 quoque
1080 414 1238 481 digna
1272 414 1467 483 pudore

128 496 314 550 obicit:
370 511 438 549 an
473 495 604 549 falso
641 496 957 551 Palameden
995 499 1209 552 crimine
1246 500 1396 568 turpe
1434 500 1516 552 est

129 595 399 635 accusasse
435 581 580 645 mihi,
617 582 762 634 vobis
800 582 1074 636 damnasse
1115 583 1358 637 decorum
1397 583 1511 637 est?

128 665 220 719 sed
256 681 424 733 neque
462 665 780 734 Naupliades
816 666 1019 720 facinus
1058 667 1331 722 defendere
1370 670 1577 721 tantum
2149 680 2221 720 310

126 751 339 819 tamque
375 751 560 819 patens
597 751 772 815 valuit,
809 766 907 804 nec
942 768 1032 805 vos
1071 753 1289 805 audistis
1325 754 1380 805 in
1416 753 1505 806 illo

129 835 359 894 crimina,
399 835 614 899 vidistis,
650 836 915 903 pretioque
953 837 1155 889 obiecta
1189 838 1453 905 patebant.

268 920 380 974 Nec
416 920 767 973 Poeantiaden
804 921 942 989 quod
978 922 1139 974 habet
1173 922 1429 975 Vulcania
1464 922 1705 987 LemnoS,

127 1020 239 1059 esse
274 1019 395 1058 reus
430 1005 598 1058 merui
636 1003 855 1069 (factum
892 1005 1153 1059 defendite
1189 1007 1449 1060 vestrum!

128 1089 462 1144 consensistis
500 1090 658 1154 enim)
707 1106 805 1143 nec
839 1106 924 1144 me
962 1092 1187 1144 suasisse
1222 1092 1441 1159 negab0,
2148 1102 2221 1142 315

29 1179 33 1182 ’
127 1177 187 1229 ut
224 1190 279 1228 se
317 1175 646 1228 subtraheret
680 1176 906 1243 bellique
943 1177 1160 1244 viaeque
1196 1177 1362 1229 labori

128 1261 508 1329 temptaretque
546 1258 682 1313 feros
718 1261 895 1328 requie
931 1261 1078 1314 finire
1116 1261 1329 1314 dolores,

127 1346 299 1414 paruit
334 1374 406 1381 —
441 1346 494 1398 et
529 1345 678 1398 vivit!
715 1361 820 1398 non
856 1345 984 1398 haec
1020 1346 1279 1399 sententia
1314 1346 1523 1399 tantum

128 1429 246 1494 fida,
283 1430 374 1484 sed
412 1430 465 1483 et
499 1429 635 1494 felix,
672 1446 792 1483 cum
829 1430 898 1483 sit
935 1431 1063 1483 satis
1101 1446 1212 1483 esse
1248 1430 1473 1483 fidelem.

129 1529 286 1582 quem
323 1515 569 1582 quoniam
605 1517 750 1568 vates
788 1515 1006 1568 delenda
1043 1516 1109 1567 ad
1144 1515 1400 1582 Pergama
1437 1515 1671 1582 poscunt,
2145 1523 2221 1564 320

126 1615 192 1653 ne
228 1599 474 1653 mandate
512 1600 667 1652 mihi!
704 1599 892 1653 melius
931 1600 1262 1653 Telamonius
1298 1600 1398 1651 ibit

126 1682 431 1751 eloquioque
467 1685 637 1738 virum
671 1685 867 1738 morbis
902 1685 1081 1751 iraque
1118 1683 1378 1736 furentem

126 1768 327 1821 molliet
363 1770 454 1822 aut
489 1770 663 1837 aliqua
697 1769 947 1838 producet
981 1768 1200 1822 callidus
1238 1770 1362 1821 arte.

129 1853 250 1906 ante
286 1855 422 1907 retro
460 1854 648 1908 Simois
684 1854 813 1907 fluet
848 1855 902 1907 et
938 1854 1049 1907 sine
1087 1853 1357 1906 frondibus
1394 1852 1487 1906 Ide

128 1938 289 1991 stabit
325 1940 378 1992 et
413 1939 661 1992 auxilium
695 1939 964 2006 promittet
998 1939 1196 1992 Achaia
1231 1939 1429 1997 Troiae,
2146 1946 2221 1987 325

131 2037 288 2090 quam
325 2025 559 2077 cessante
595 2039 712 2077 meo
747 2040 839 2093 pro
874 2024 1058 2078 vestris
1095 2025 1302 2089 pectore
1338 2023 1494 2077 rebus

127 2105 304 2161 Aiacis
341 2109 515 2161 stolidi
550 2109 746 2162 Danais
783 2109 1013 2163 sollertia
1048 2109 1235 2178 prosit!

130 2194 201 2247 sis
236 2194 360 2247 licet
394 2194 616 2248 infestus
654 2195 805 2249 sociis
840 2194 1053 2262 regique
1090 2192 1343 2263 mihique,

268 2348 356 2394 306
384 2348 587 2393 conuitia
608 2348 665 2391 F
688 2347 788 2393 RV
823 2349 837 2404 ΙΙ
878 2347 1070 2393 reddere
1100 2362 1128 2403 ς
1240 2346 1328 2392 308
1357 2344 1626 2401 palameden
1658 2356 1687 2388 e
1713 2359 1755 2398 μ
1782 2357 1825 2400 τ,
1856 2342 2126 2398 pilamedem
2152 2342 2217 2399 F,

35 2415 62 2474 ζ
128 2418 364 2476 palamede
391 2419 443 2473 h,
470 2418 753 2475 palamedem
785 2433 824 2475 ς,
864 2418 1119 2474 palimeden
1148 2431 1185 2474 9
1225 2417 1239 2473 ΙΙ
1277 2422 1346 2461 est
1375 2429 1446 2460 om
1486 2429 1523 2471 9
1551 2414 1721 2471 οΕῙιθη,
1752 2414 1825 2458 del
1843 2413 1918 2458 Hs
1945 2413 2080 2470 vulqo
2110 2413 2219 2458 olim

127 2488 216 2535 3⁰9
245 2489 458 2535 decorum
503 2495 573 2534 est
608 2489 664 2532 F
686 2489 724 2532 h
752 2502 783 2535 e
811 2504 838 2545 ς
866 2489 941 2533 Hs
982 2489 1117 2545 vulyo
1161 2488 1293 2542 olim,
1340 2487 1552 2531 decorum
1587 2489 1673 2539 (est
1702 2488 1791 2563 om)
1834 2499 1876 2539 μ
1903 2498 1934 2529 τ
1962 2497 2005 2528 η
2034 2499 2062 2541 ς
2089 2484 2220 2530 Jahn

40 2593 57 2639 3
128 2604 270 2659 alosq
298 2603 567 2660 naupliadas
594 2619 637 2658 μ
677 2603 693 2658 ΙΙ
728 2607 879 2647 tantas
908 2607 1095 2659 tamque
1114 2605 1279 2657 potens
1298 2599 1449 2644 Bothe
1560 2599 1646 2644 311
1676 2566 1819 2643 adstis
1847 2613 1888 2653 μ
2001 2597 2089 2643 312
2120 2610 2219 2653 pre-

0 2702 19 2749 ῗ
76 2757 85 2774 ,
129 2717 289 2775 tioque
315 2721 362 2762 A
381 2717 486 2775 RV,
516 2723 791 2774 praestoque
845 2730 902 2760 ex
935 2716 1122 2759 Bentlei
1154 2715 1258 2759 eom·
1290 2713 1480 2762 Merkel,
1527 2711 1676 2767 pretio
1713 2724 1830 2768 quae
1860 2716 1903 2754 A
1938 2713 1953 2766 ΙΙ
1990 2680 2168 2756 abiecta
2188 2725 2219 2756 τ

128 2789 216 2835 313
242 2789 491 2846 peanciden
519 2802 575 2843 μ,
619 2786 897 2843 peanciaden
925 2788 974 2839 h,
1019 2784 1327 2843 peaneyadem
1359 2796 1402 2834 e,
1433 2782 1679 2839 peantiden
1710 2781 1767 2824 F
1790 2794 1831 2825 η
1872 2783 1887 2836 ΙΙ
1937 2781 2028 2825 uul.
2059 2781 2220 2826 lennos

129 2859 169 2903 h
195 2872 238 2914 e,
268 2859 382 2904 uulc.
412 2858 547 2903 tellus
575 2857 730 2902 ceMed
873 2857 960 2902 314
989 2857 1103 2901 Esse
1132 2858 1285 2909 rex(us
1313 2868 1407 2898 sser
1436 2869 1483 2897 m
1512 2854 1557 2906 2)
1586 2867 1617 2896 τ
1663 2854 1677 2908 ΙΙ
1721 2853 1889 2896 crimen
1927 2851 2019 2897 def.
2046 2852 2221 2896 eMedie

58 2934 59 2939 ¹
131 2929 215 2977 VA
243 2933 287 2975 et
316 2945 338 2974 e
365 2930 469 2974 eom·
505 2928 728 2986 Giofanus
868 2928 956 2973 315
986 2926 1287 2972 consentistis
1322 2926 1367 2969 F
1511 2924 1599 2969 316
1642 2923 1763 2975 beust
1792 2938 1849 2967 em
1880 2935 1908 2967 0
1938 2936 1984 2966 m
2012 2922 2148 2978 aque
2170 2921 2228 2965 F

0 2996 39 3074 ²}
128 3000 213 3047 817
242 3000 374 3046 ferox
403 3015 432 3056 ς
480 3001 494 3055 ΙΙ
534 2999 669 3044 finire
696 2999 785 3047 lab.
818 2999 875 3042 F
898 3001 936 3043 h
963 3014 1005 3053 μ
1034 3013 1062 3054 ς
1094 3017 1143 3054 ω,
1174 2997 1314 3041 lenire
1343 2995 1525 3039 labores
1557 2997 1591 3047 (ὶ
1608 2993 1741 3038 finire
1769 3007 1863 3038 saer
1891 3008 1938 3037 m
1957 2993 1989 3038 3
2014 3005 2069 3047 n,
2103 2996 2123 3034 1
2143 2991 2221 3036 dol

129 3086 224 3118 secr
252 3073 324 3125 οἳ)
353 3084 382 3116 e
409 3083 452 3115 η
481 3085 520 3127 ς,
548 3070 688 3115 lenire
718 3070 897 3114 dolores
924 3084 956 3114 τ
984 3082 1021 3125 9
1050 3084 1076 3125 ς
1105 3067 1179 3112 Hs
1209 3067 1342 3123 vulyo
1367 3066 1475 3110 olim
1591 3065 1678 3110 318
1710 3063 1780 3108 hie
1809 3064 1980 3108 desinit
2005 3077 2037 3107 τ
2072 3064 2087 3119 ΙΙ
2122 3067 2221 3106 tan-

131 3146 227 3187 tum
244 3147 315 3186 est
343 3156 370 3198 ς
400 3159 437 3183 ω
496 3166 517 3172 v·
551 3141 638 3186 319
666 3140 797 3184 Fida:
830 3146 875 3185 et
894 3140 976 3185 sed
995 3140 1042 3185 R
1077 3140 1091 3195 ΙΙ
1128 3141 1264 3191 (etex
1284 3136 1463 3189 in)felix
1490 3148 1533 3179 ‘n
1571 3136 1585 3191 ΙΙ
1622 3138 1683 3180 sit
1711 3135 1821 3180 satis
1843 3134 1900 3178 F
1923 3149 1952 3190 ς
1981 3133 2219 3189 Οἱοΐαηαε,

0 3202 13 3255 ἕ
67 3222 70 3228 ·
131 3212 194 3257 sit
220 3212 329 3258 facit
357 3211 485 3266 (satis
512 3225 607 3255 seer
633 3214 690 3266 μ)
713 3210 798 3253 F2
824 3226 866 3266 μ
893 3223 935 3254 η
964 3211 1003 3253 h
1030 3223 1060 3255 e
1094 3228 1130 3251 ω
1170 3209 1185 3264 ΙΙ
1236 3207 1379 3252 foelix
1410 3219 1510 3250 cum
1542 3207 1625 3250 sit:
1670 3205 1780 3250 facit
1810 3219 1910 3250 esse
1938 3204 2018 3248 fid.
2041 3204 2220 3248 distinx

131 3296 179 3343 R
205 3303 221 3354 ΙΙ
248 3297 378 3342 fideli
399 3299 505 3353 poet
532 3295 781 3341 Heinsium
800 3295 999 3352 Bentley
1131 3281 1220 3339 320
1256 3282 1396 3348 posct'
1408 3292 1443 3344 (i
1461 3305 1484 3335 e
1503 3289 1708 3346 poscunt,
1737 3278 1869 3334 {add
1888 3302 1935 3331 m
1954 3288 1995 3341 2,
2016 3289 2055 3294 ““
2075 3289 2095 3331 i
2113 3290 2154 3340 r)
2174 3288 2220 3330 1³

92 3362 97 3367 ’
130 3368 215 3416 321
245 3369 405 3413 melius
444 3380 518 3412 om
547 3369 584 3420 (8
616 3367 632 3410 l
659 3369 705 3411 et
732 3367 752 3411 i
778 3380 853 3423 my
881 3367 989 3418 add)
1026 3380 1068 3420 μ
1211 3362 1298 3408 322
1334 3361 1506 3406 morbis
1543 3361 1654 3417 (que
1684 3363 1772 3413 om)
1803 3360 1960 3414 iraque
1982 3357 2038 3401 F
2060 3357 2098 3399 h
2126 3369 2157 3402 e
2183 3370 2222 3412 9

131 3450 174 3484 n
202 3453 230 3495 ς
267 3437 348 3483 VA
375 3437 516 3494 wolffo,
564 3436 754 3491 morbi(s
783 3451 806 3481 s
838 3437 853 3481 l
882 3451 929 3481 m
956 3436 1001 3488 2>
1031 3437 1189 3491 iraque
1230 3449 1285 3489 μ,
1317 3431 1596 3488 morbisque
1625 3431 1782 3487 iraque
1828 3444 1856 3485 ς
1886 3429 1932 3473 R
1969 3427 2104 3472 Riese
2130 3428 2148 3482 il
2174 3427 2230 3483 ef

74 3543 75 3567 3
133 3507 326 3553 Hermes
355 3507 579 3553 XXXIX
592 3507 653 3552 58
761 3508 849 3554 323
877 3512 957 3552 aut
975 3506 1063 3551 alia
1092 3504 1165 3549 Hs
1193 3506 1208 3561 ΙΙ
1237 3503 1452 3560 perducet
1474 3502 1530 3546 F
1554 3517 1581 3558 ς
1609 3501 1700 3546 RA
1846 3499 1932 3544 324
1962 3497 2220 3553 Simoisque

134 3577 249 3630 fluet
276 3579 374 3624 sine
403 3578 487 3625 VA
513 3578 528 3634 fl
559 3579 657 3623 sine
684 3577 891 3623 fontibus
919 3591 1043 3622 unus
1072 3573 1262 3619 Heinsii
1375 3572 1462 3619 325
1490 3571 1673 3617 achaica
1702 3572 1746 3614 F
1861 3568 1945 3614 327
1977 3567 2078 3612 stol.
2108 3566 2219 3623 pha-

134 3650 234 3695 liais
261 3652 378 3704 (corr
406 3665 453 3694 m
481 3649 527 3703 2)
555 3664 597 3703 μ
