2580 4088
362 196 467 244 664
881 195 1106 240 Lactantii
1135 192 1309 238 Placidi
1341 192 1419 249 qui
1450 192 1614 238 dicitur
1641 193 1936 239 narrationes.

360 355 421 393 ac
446 341 564 392 cute
602 339 829 391 nudatus
867 340 947 390 est
981 340 1197 403 tergore,
1236 350 1392 402 quem
1419 334 1679 402 nymphae
1718 350 1779 388 ac
1815 336 1977 405 satyri
2014 337 2274 406 ceterique
2307 337 2444 391 ruris

359 425 558 477 incolae
600 424 729 477 fletu
763 422 1020 491 prosecuti
1058 423 1202 484 sunt,
1252 419 1388 486 quod
1436 420 1547 472 eius
1593 423 1752 472 cantu
1796 421 2007 474 carituri
2043 426 2239 484 essent,
2279 422 2356 475 ita
2389 429 2446 475 ut

358 525 420 562 ex
462 509 690 561 lacrimis
735 523 912 560 eorum
954 506 1153 558 fiumen
1195 503 1489 567 increverit,
1547 505 1684 571 quod
1729 506 1840 558 eius
1883 505 2092 559 nomine
2127 506 2184 559 in
2218 505 2444 574 Phrygia

90 603 173 655 fab
205 603 233 644 5
260 601 326 657 (6)
357 594 594 661 Marsyas
650 608 681 645 a
733 591 990 660 prioribus
1039 589 1230 642 nostris
1275 589 1564 656 nuncupari
1602 589 1806 642 videtur
1983 591 2240 644 Tantalus
2276 590 2443 659 epulis

354 678 490 731 Iovis
529 693 649 730 cum
685 677 959 729 interesset
996 676 1049 727 et
1084 689 1206 726 cum
1231 671 1388 726 vellet
1425 673 1655 741 experiri,
1693 689 1760 726 an
1796 674 1972 728 futura
2006 676 2331 744 prospiceret,
2367 675 2446 727 in-

355 763 548 815 vitatus
587 762 652 814 ad
689 761 890 829 epulaS,
925 759 1171 827 Pelopem
1214 762 1398 811 notum
1435 773 1497 810 ex
1531 758 1654 811 filiis
1697 759 1961 812 interemit
1996 761 2295 828 visceraque
2331 759 2444 813 eius

355 847 567 915 reliquis
613 847 831 914 dapibus
876 843 1158 896 inmiscuit.
1230 858 1330 911 quo
1367 859 1458 911 pro
1494 845 1680 896 merito
1716 845 1898 912 punito
1934 845 2287 898 misericordia
2322 844 2443 898 deo-

355 949 494 996 rum,
549 931 638 999 qui
689 930 908 984 convivii
960 929 1237 997 participes
1283 928 1514 991 fuerant,
1566 932 1740 997 partes
1784 931 2038 983 viscerum
2073 929 2279 998 Pelopis
2322 944 2443 982 con-

138 1028 219 1080 fab
253 1026 331 1079 6s7
353 1019 649 1085 posuerunt,
687 1018 740 1069 et
775 1030 1002 1078 umerus,
1039 1014 1129 1081 qui
1166 1012 1413 1079 defuerat,
1451 1011 1666 1067 effectus
1703 1017 1784 1067 est
1820 1015 1884 1068 de
1921 1016 2073 1068 ebore
2246 1015 2445 1069 Tereus

164 1083 215 1133 (⁷
230 1085 297 1135 Μ)
355 1101 538 1154 Martis
575 1101 727 1165 filius,
762 1100 1025 1152 Thracum
1053 1114 1155 1163 rex,
1193 1114 1314 1151 cum
1341 1098 1531 1151 auxilia
1555 1099 1735 1152 multis
1759 1100 1967 1167 regibus
1991 1099 2163 1164 ferret,
2186 1099 2439 1153 Pandioni

355 1202 557 1254 quoque
594 1186 817 1239 Athenis
861 1185 1123 1251 regnanti,
1179 1199 1300 1236 cum
1345 1198 1375 1236 a
1411 1184 1656 1252 proximis
1701 1184 1997 1238 civitatibus
2044 1186 2441 1254 oppugnaretur,

352 1287 456 1324 non
512 1271 692 1337 defuit,
749 1271 1089 1338 quamobrem
1137 1269 1302 1321 filiam
1356 1284 1507 1321 suam
1551 1269 1789 1336 Prognen
1833 1270 1910 1322 illi
1952 1270 2008 1322 in
2051 1268 2442 1322 matrimonium

354 1356 508 1408 dedit.
564 1371 696 1423 quae
742 1355 1009 1422 deportata
1043 1354 1099 1406 in
1135 1354 1311 1406 mariti
1347 1345 1507 1420 regno
1545 1369 1667 1406 cuin
1712 1370 1774 1407 ex
1807 1355 2181 1423 intercapidine
2218 1368 2445 1407 sororem

353 1440 697 1494 Philomelam
753 1440 1089 1504 desideraret,
1143 1439 1275 1508 petit
1330 1454 1361 1490 a
1395 1439 1577 1503 Tere0,
1628 1443 1688 1492 ut
1736 1440 2146 1508 proficisceretur
2197 1438 2446 1502 Athenas,

354 1542 580 1579 sororem
625 1526 725 1579 sibi
771 1526 836 1578 ad
881 1525 1131 1578 sollemne
1177 1523 1490 1577 sacrificium
1533 1527 1594 1577 ut
1636 1524 1930 1579 adduceret.
1983 1526 2072 1593 qui
2114 1528 2177 1578 ut
2211 1525 2444 1578 Athenas

352 1611 607 1680 pervenit,
662 1611 825 1664 soceri
866 1626 994 1663 usus
1038 1609 1259 1678 hospitio
1302 1610 1358 1661 in
1394 1609 1715 1663 Philomelae
1760 1610 1944 1663 incidit
1981 1626 2225 1664 amorem.
2283 1624 2442 1678 quam

354 1712 532 1750 secum
588 1696 851 1763 digressus
905 1695 1152 1747 mandato
1203 1694 1436 1762 coniugis
1493 1695 1639 1747 duxit
1691 1696 1748 1747 in
1798 1695 2073 1749 Thraciam
2127 1698 2182 1749 et
2224 1694 2444 1748 stabulis

354 1782 555 1845 clausit,
591 1784 651 1834 ut
687 1781 753 1834 ad
791 1796 908 1834 eam
933 1781 1044 1834 sine
1083 1779 1376 1848 suspicione
1403 1781 1713 1848 cuiusquam
1750 1782 1956 1850 saepius
1994 1782 2324 1834 commearet.
2383 1795 2446 1833 ac

352 1882 418 1920 ne
474 1867 645 1934 eloqui
699 1866 977 1919 commissa
1020 1869 1217 1934 posset,
1270 1865 1451 1929 lingua
1493 1866 1755 1919 truncavit
1798 1874 1852 1919 et
1895 1865 2102 1935 coniugi
2137 1865 2441 1931 ementitus3

395 1995 581 2083 Μᾱᾶἓαεςέ
610 2004 662 2035 ac
691 1994 1049 2046 cute—tergore]
1086 1991 1150 2034 sic
1184 1991 1281 2047 fere
1318 1990 1351 2046 β
1377 1989 1422 2032 O
1442 1989 1495 2046 V,
1539 2004 1686 2034 vocem
1730 1998 1914 2047 tergore
1957 2005 2030 2036 om
2066 1991 2234 2083 vagg-,³0³
2248 1990 2264 2046 ΙΙ
2313 1995 2446 2035 acute

354 2101 423 2135 est
549 2098 732 2145 tergore
759 2089 841 2143 M,
871 2096 1003 2134 acute
1033 2095 1103 2134 est
1130 2089 1329 2133 nudatus
1355 2096 1537 2145 tergore
1566 2090 1600 2146 β
1617 2090 1669 2143 V,
1701 2103 1728 2134 a
1758 2095 1860 2134 cute
1878 2089 2078 2135 nudatus
2102 2097 2235 2146 tergo
2255 2101 2444 2146 corpore

351 2162 412 2206 N
427 2162 442 2217 ΙΙ
464 2175 517 2205 ac
544 2176 573 2206 a
602 2160 769 2218 Scythe
789 2159 897 2204 nud.
930 2167 1000 2205 est
1012 2169 1193 2217 tergore
1211 2161 1296 2205 coll
1314 2161 1373 2204 H
1366 2175 1479 2217 yyzn
1494 2160 1574 2216 fab
1595 2161 1682 2206 165
1698 2164 1744 2217 (p
1767 2160 1912 2214 19,13
1928 2160 2148 2206 Schmidt)
2168 2160 2395 2206 Mumker
2414 2163 2430 2214 Ι

350 2232 632 2290 nymphae-
589 2231 881 2275 -increverit
939 2230 1079 2286 quod]
1139 2245 1266 2275 eaescr
1331 2230 1550 2323 Μιῃΐὴοφ·
1609 2232 1701 2278 Vat
1748 2230 1785 2275 I
1817 2233 1906 2278 125
1964 2236 2017 2288 (p
2047 2232 2117 2289 40,
2133 2232 2192 2277 20
2211 2246 2262 2288 sq
2312 2231 2444 2277 Bode

352 2331 381 2374 2
409 2332 476 2375 ita
504 2330 618 2375 fletu
651 2331 759 2377 OV
803 2332 818 2384 ΙΙ
868 2330 908 2374 ei
939 2335 1073 2374 cantu
1103 2330 1174 2373 M
1254 2331 1284 2376 3
1313 2331 1443 2376 lamis
1473 2332 1507 2387 β
1543 2332 1558 2387 ΙΙ
1594 2330 1774 2388 phrigia
1803 2333 1850 2390 β,
1880 2331 2018 2388 frigia
2046 2332 2119 2375 M
2188 2333 2219 2376 4
2247 2330 2438 2375 marsiae

354 2403 387 2459 β
407 2402 479 2445 M
494 2402 541 2448 V
584 2402 599 2457 11
650 2400 849 2445 creditur
878 2400 1115 2454 Bovarius,
1143 2401 1404 2457 perhibetur
1432 2402 1507 2446 Hs

494 2472 534 2516 V
564 2471 750 2528 Pelopis
783 2485 964 2516 umerus
1000 2472 1049 2515 in
1083 2472 1333 2517 eburneum
1365 2472 1597 2526 (eburnem
1626 2473 1707 2523 M,
1737 2472 1788 2517 in
1819 2487 1905 2529 quo
1934 2487 2155 2518 numerus
2174 2474 2312 2527 deest)
2336 2475 2446 2529 post

353 2543 438 2588 400
467 2544 501 2599 β
522 2543 592 2585 M
672 2544 758 2598 589
788 2552 835 2587 et
864 2557 965 2586 cum
995 2543 1134 2587 uellet
1154 2543 1207 2598 V,
1238 2550 1285 2588 et
1314 2557 1417 2588 eum
1447 2544 1587 2589 uellet
1609 2545 1642 2600 β
1667 2545 1726 2599 O,
1756 2544 1986 2601 uelletque
2007 2545 2140 2602 vulgo
2170 2546 2187 2599 ΙΙ
2220 2545 2443 2590 invitatus

352 2613 559 2667 Ehwald,
588 2613 784 2658 inuitato
815 2614 849 2670 β
876 2613 1132 2671 OVvulyo
1277 2615 1307 2659 6
1334 2622 1490 2659 notum
1521 2616 1555 2672 β
1579 2616 1639 2670 O,
1669 2614 1860 2660 nothum
1890 2616 1938 2662 V
1960 2619 2005 2660 et
2032 2630 2056 2659 e
2083 2615 2187 2660 coni
2213 2614 2439 2660 Mum-ker

355 2686 379 2728 7
395 2685 565 2729 meritis
580 2685 639 2728 N
719 2684 748 2728 S
762 2691 914 2740 partes
935 2689 1123 2740 (partem
1142 2686 1218 2738 N)
1239 2687 1349 2730 uisc.
1370 2685 1455 2741 pel.
1479 2686 1513 2743 β
1533 2687 1601 2739 N,
1617 2693 1768 2742 partes
1787 2686 1875 2743 pel.
1895 2688 2005 2732 uisc.
2025 2686 2098 2730 M
2177 2686 2208 2732 9
2221 2685 2442 2731 suffectus

354 2756 526 2799 Advers
556 2755 608 2799 X
631 2755 663 2799 8
687 2754 839 2799 Barth
875 2756 889 2810 ΙΙ
925 2755 984 2800 ab
1016 2756 1155 2800 ebore
1184 2757 1244 2800 N
1288 2757 1303 2812 ΙΙ
1354 2757 1413 2801 de
1442 2757 1513 2801 eb.
1545 2756 1623 2802 eff.
1644 2764 1715 2801 est
1732 2757 1866 2813 vulgo

494 2826 561 2871 VI
589 2827 767 2881 Progne
795 2833 842 2870 et
862 2826 1161 2882 ph(f)ilomela
1189 2828 1238 2871 in
1267 2841 1378 2872 aues
1407 2835 1557 2872 tereus
1577 2832 1624 2871 in
1654 2840 1846 2885 epopem
1876 2827 2086 2884 (pelopen
2112 2828 2198 2883 M)
2221 2830 2330 2884 post
2356 2827 2440 2871 411

355 2899 388 2954 β
421 2898 491 2940 M
532 2898 546 2953 ΙΙ
591 2898 707 2941 duas
735 2898 917 2954 fabulas
947 2899 1095 2943 statui
1112 2899 1239 2952 (item
1254 2900 1317 2952 V)
1341 2913 1445 2943 cum
1477 2899 1627 2943 titulis
1647 2899 1759 2943 libro
1779 2899 1856 2944 VI
1865 2899 2146 2954 praepositis
2180 2898 2250 2955 (cf
2261 2912 2301 2954 p
2320 2898 2425 2955 669)

354 2969 412 3012 10
438 2967 661 3012 Thracum
690 2970 782 3022 rex]
814 2969 878 3012 sic
908 2969 942 3025 β
966 2969 1011 3013 O
1032 2969 1085 3026 V,
1116 2983 1190 3014 om
1219 2969 1445 3014 meker
1472 2970 1607 3027 vulyo
1723 2972 1778 3014 11
1816 2976 2196 3026 oppugnauerunt
2224 2974 2354 3021 (corr)
2383 2969 2443 3013 N

354 3038 411 3083 12
439 3052 647 3094 prognen
675 3039 755 3092 M,
791 3052 967 3095 progne
1003 3041 1072 3094 N,
1108 3053 1330 3097 prognem
1361 3042 1395 3098 β
1455 3042 1470 3097 ΙΙ
1527 3040 1820 3085 matrimonio
1858 3041 1918 3084 N
2063 3040 2120 3086 13
2143 3053 2287 3097 regno
2317 3041 2352 3096 β
2376 3039 2441 3092 0,

354 3123 545 3166 regnum
575 3111 622 3157 V
643 3110 777 3166 vulyo
813 3111 827 3165 ΙΙ
861 3110 1189 3166 intercapidine
1217 3111 1426 3166 Ehwald,
1454 3111 1786 3168 intercupidine
1803 3111 1884 3164 M,
1911 3111 2248 3168 intercapedine
2275 3111 2310 3167 β
2329 3111 2389 3155 N
2401 3110 2448 3156 V

355 3181 488 3237 vulgo
574 3182 631 3225 14
658 3179 949 3225 filomelaM
985 3181 999 3237 ΙΙ
1040 3182 1255 3238 petitM‚
1286 3183 1418 3239 petiit
1447 3184 1481 3240 β
1501 3184 1561 3227 N
1592 3182 1745 3272 vulgoi
1777 3183 1792 3237 ΙΙ
1843 3181 1988 3226 atireo
2017 3184 2076 3227 N
2107 3183 2122 3238 ΙΙ
2157 3181 2359 3227 adhenas
2386 3181 2446 3225 N

1748 3239 1944 3274 .arachne“

355 3281 412 3324 15
441 3280 735 3336 sollempnem
764 3283 824 3325 N
855 3283 869 3338 ΙΙ
905 3281 1105 3326 adhenas
1134 3284 1194 3326 N
1292 3283 1350 3326 16
1379 3282 1554 3338 ospicio
1583 3282 1653 3324 M
1683 3283 1699 3336 ΙΙ
1717 3249 1933 3371 ulamorem
1964 3283 2024 3326 N
2123 3282 2179 3326 17
2209 3279 2339 3324 duxit
2367 3293 2441 3323 om

356 3380 415 3422 N
446 3380 460 3434 ΙΙ
494 3379 681 3423 traciam
711 3380 781 3422 M
817 3380 831 3435 ΙΙ
873 3387 919 3424 et
947 3387 1205 3437 corruptam
1235 3387 1291 3425 st.
1313 3380 1530 3437 Micyllus
1558 3380 1573 3435 ΙΙ
1602 3379 1784 3430 stabllis
1814 3380 1884 3423 M
1967 3380 2023 3425 18
2050 3380 2439 3435 ut—cuiusquam]

356 3450 419 3492 sie
450 3451 483 3505 β
506 3450 551 3493 O
572 3451 625 3503 V,
656 3456 707 3494 ut
735 3451 833 3495 sine
863 3450 1128 3508 cuiusquam
1158 3464 1281 3507 susp.
1310 3451 1442 3508 vulqo
1540 3451 1599 3495 19
1625 3450 1750 3506 loqui
1781 3452 1840 3495 N
1855 3452 1871 3506 η
1891 3451 2038 3506 possit
2066 3450 2126 3494 N
2211 3450 2329 3504 1989
2354 3448 2440 3493 lin·

356 3533 448 3574 gua
479 3521 512 3576 β
533 3521 586 3572 V,
616 3520 818 3576 linguam
851 3521 897 3564 0
925 3521 1058 3577 vulyo
1107 3523 1123 3577 ΙΙ
1171 3521 1330 3578 lingua
1359 3535 1457 3566 eam
1487 3520 1710 3566 Muneker
1747 3522 1761 3576 ΙΙ
1796 3521 2039 3566 ementitus
2068 3520 2185 3564 dixit
2212 3520 2345 3573 enim]
2375 3520 2440 3564 sie

359 3590 392 3646 β
424 3591 469 3634 Ο
519 3591 534 3645 11
591 3598 660 3635 est
696 3590 913 3635 mentitus
950 3592 1003 3645 V,
1038 3599 1200 3636 ement.
1241 3598 1310 3637 est
1338 3592 1486 3649 vulyo,
1517 3602 1586 3637 est
1615 3605 1699 3637 em.
1729 3591 1924 3636 Ehwald
1973 3592 1988 3646 ΙΙ
2037 3605 2100 3634 an
2130 3598 2293 3636 ement.
2323 3590 2441 3635 dixit

359 3674 446 3705 sor.
478 3661 611 3712 (enim
642 3663 799 3715 deleto)
818 3666 839 3707 .2

2476 1111 2523 1152 10

2482 1537 2531 1577 15
