2580 4088
701 229 787 277 Ov.
816 231 996 277 Metam.
1025 231 1124 277 Lib.
1153 230 1254 286 XV,
1284 245 1330 275 v.
1365 234 1603 276 173—209.
2094 234 2195 281 585

113 389 210 428 nec
245 373 383 427 color
418 375 500 427 est
533 373 673 426 idem
711 374 867 438 caelo,
906 390 1026 427 cum
1062 375 1202 428 lassa
1238 374 1410 442 quiete

0 442 19 509 f

0 526 28 638 Ξ
55 565 58 575 .

0 731 53 792 1

0 936 53 1047 {f}

0 482 19 504 =
38 487 39 491 1
113 460 302 513 cuncta
336 458 510 511 iacent
543 457 717 510 media
754 474 977 526 cumque
1016 460 1133 512 albo
1169 459 1380 512 Lucifer
1414 459 1518 511 exit

113 543 283 596 clarus
319 558 451 610 equo
496 558 778 610 rursusque
817 543 965 607 alius,
1002 560 1122 597 cum
1158 545 1364 613 praevia
1399 544 1531 597 lucis
2126 552 2196 593 190

44 643 46 645 ’
110 626 420 681 tradendum
456 626 662 680 Phoebo
698 626 984 681 Pallantias
1020 629 1186 682 inficit
1221 630 1413 683 orbem.

0 666 124 749 1²³1?

4 846 7 853 ,
4 793 62 856 ,(ι
107 811 262 849 mane
297 796 463 860 rubet,
499 797 753 864 terraque,
788 797 958 856 rubet,
998 814 1118 851 cum
1156 800 1397 852 conditur
1431 800 1551 864 ima,

107 711 219 780 ipse
256 711 338 764 dei
375 711 585 780 clipeus,
621 713 760 764 terra
796 727 916 765 cum
953 714 1154 766 tollitur
1188 714 1308 779 ima,

108 880 359 934 candidus
394 881 450 933 in
486 896 691 934 summo
728 882 822 944 est,
859 883 1042 935 melior
1077 886 1264 937 natura
1303 885 1439 952 quod
1476 885 1585 938 illic

107 964 330 1018 aetheris
367 967 447 1018 est
482 967 750 1033 terraeque
787 967 967 1034 procul
1004 969 1244 1035 contagia
1280 969 1431 1037 fugit.
2125 978 2196 1019 195

33 1052 57 1117 ζ
104 1064 202 1102 1166
237 1064 331 1117 par
366 1051 458 1102 aut
494 1049 676 1103 eadem
713 1054 996 1105 nocturnae
1032 1052 1199 1106 forma
1236 1054 1434 1107 Dianae

9 1161 52 1218 ῗι

9 1139 92 1178 ’ἓ
105 1147 218 1186 6666
255 1134 426 1201 potest
462 1150 713 1202 umquam
751 1151 1064 1205 semperque
1102 1139 1350 1192 hodierna
1385 1140 1649 1208 sequente,

9 1223 53 1297 ‚35
103 1217 148 1271 si
184 1219 384 1283 crescit,
420 1219 590 1272 minor
626 1225 716 1284 est,
751 1222 933 1285 maior,
971 1223 1015 1275 si
1053 1225 1312 1277 contrahit
1348 1226 1540 1279 orbem.

4 921 55 1973 3

3 2005 34 2035 l

245 1301 422 1368 Quid?
456 1320 561 1358 non
596 1305 652 1357 in
690 1307 888 1374 species
925 1308 1199 1361 succedere
1237 1311 1482 1377 quattuor
1517 1325 1712 1362 annum

101 1387 324 1457 adspicis
362 1389 550 1442 aetatis
586 1393 920 1458 peragentem
956 1392 1250 1446 imitamina
1285 1393 1529 1448 nostrae?
2118 1401 2191 1443 200

98 1487 222 1526 nam
257 1475 405 1527 tener
441 1476 494 1527 et
528 1475 728 1528 lactens
764 1477 1012 1544 puerique
1050 1479 1349 1532 simillimus
1386 1495 1510 1533 aevo

97 1573 215 1611 vere
251 1574 385 1612 novo
422 1561 529 1612 est:
567 1562 694 1613 tunc
729 1561 891 1613 herba
927 1561 1099 1614 nitens
1137 1571 1190 1615 et
1224 1565 1422 1616 roboris
1459 1579 1638 1632 expers

95 1644 271 1710 turget
307 1645 360 1696 et
394 1643 616 1697 insolida
651 1646 731 1698 est
767 1647 820 1698 et
855 1661 945 1714 spe
983 1646 1208 1700 delectat
1244 1650 1489 1715 agrestes,

97 1729 272 1782 omnia
309 1731 435 1782 tunc
471 1729 668 1795 florent,
705 1730 994 1799 florumque
1032 1732 1288 1795 coloribus
1325 1733 1495 1785 almus

95 1812 232 1866 ludit
267 1828 406 1881 ager,
440 1829 610 1882 neque
648 1815 817 1868 adhuc
853 1816 1016 1869 virtus
1052 1817 1107 1868 in
1144 1816 1417 1871 frondibus
1453 1818 1564 1870 ulla
1599 1818 1693 1869 est.
2115 1826 2188 1865 205

94 1898 284 1950 transit
318 1898 374 1951 in
411 1900 663 1952 aestatem
698 1903 816 1967 post
852 1917 939 1954 ver
974 1902 1232 1955 robustior
1269 1918 1437 1955 annus

93 1981 255 2051 fitque
292 1984 469 2037 valens
505 1984 728 2050 iuvenis3
765 2001 934 2054 neque
971 1987 1111 2040 enim
1147 1988 1408 2041 robustior
1445 1990 1589 2040 661166

24 2078 37 2091 ”
94 2068 204 2121 6116
238 2084 335 2122 666
369 2069 590 2134 uberior,
626 2085 723 2123 nec
761 2086 892 2138 quae
931 2073 1100 2139 magis
1138 2073 1332 2137 ardeat,
1368 2072 1478 2126 ulla
1515 2074 1610 2126 est.

23 2191 27 2204 .
94 2153 283 2220 excipit
318 2156 616 2220 autumnuS,
653 2156 815 2224 posito
852 2156 1049 2210 fervore
1085 2158 1325 2211 iuventae

223 2352 309 2397 188
327 2352 440 2398 caeli
460 2352 516 2396 F
532 2366 570 2408 9
590 2355 630 2398 d
650 2367 703 2408 a,
727 2368 755 2410 ς
791 2354 806 2410 ΙΙ
843 2322 1036 2398 collffssa
1062 2367 1102 2405 6,
1132 2367 1232 2398 6616
1254 2353 1381 2409 lapsa
1401 2354 1457 2397 3²
1476 2366 1513 2408 9
1534 2366 1596 2409 οι6
1618 2365 1711 2409 w„
1743 2365 1844 2396 cum
1864 2351 1983 2396 lassa
2003 2354 2037 2403 (1
2055 2351 2183 2407 lapsa

89 2427 198 2476 seer)
228 2435 261 2468 v
376 2423 459 2469 189
488 2428 535 2465 ἐν
557 2426 718 2480 ἠρεμίᾳ
739 2434 885 2466 κεῖται
905 2422 1048 2478 πολλῇ
1065 2424 1202 2477 Plan,
1231 2424 1376 2468 Nocte
1404 2423 1489 2468 iac.
1517 2423 1635 2468 med.
1655 2436 1729 2480 w⁴
1757 2424 1771 2480 ΙΙ
1792 2435 1941 2479 neque
1959 2421 2066 2467 albo
2095 2434 2138 2466 n
2158 2422 2173 2477 ΙΙ

90 2492 184 2538 alto
213 2506 277 2550 a,
394 2493 481 2539 190
507 2507 777 2551 rursumque
804 2494 956 2539 Burm
981 2495 996 2550 ΙΙ
1030 2507 1276 2551 rursusque
1296 2494 1387 2539 alio
1410 2494 1466 2537 F
1494 2507 1577 2552 αδ,
1606 2508 1641 2539 r.
1671 2493 1805 2539 aliter
1833 2505 1928 2549 affl,
1959 2492 2180 2549 rususque

89 2563 206 2609 alius
224 2577 275 2621 9,
302 2578 549 2622 rursusque
569 2570 641 2610 est
661 2565 775 2610 alius
795 2579 824 2610 c
852 2566 867 2622 ll
902 2565 992 2610 luci
1010 2578 1043 2610 v
1063 2580 1091 2622 ς
1110 2566 1185 2610 Hs
1205 2566 1338 2622 vnlyo
1358 2565 1480 2622 olim,
1511 2565 1612 2610 1666
1632 2565 1798 2622 (inficit
1814 2567 1874 2617 66)
1910 2562 2024 2608 Vind
2033 2576 2072 2618 p
2096 2562 2184 2607 158

18 2685 26 2693 ‚
87 2633 238 2679 Bothe
376 2636 462 2681 191
490 2635 668 2692 phebus
698 2637 748 2688 ὂ,
800 2637 815 2692 ΙΙ
863 2635 1095 2692 palancias
1124 2649 1152 2680 6
1294 2635 1381 2681 193
1408 2634 1495 2680 192
1525 2634 1581 2677 F
1711 2634 1797 2679 192
1826 2633 1992 2690 deique
2021 2632 2179 2677 oculus

89 2705 315 2763 Sprenqel
362 2707 378 2762 ΙΙ
426 2711 547 2751 terra
590 2720 691 2751 curn
736 2706 948 2751 conditur
977 2709 1048 2757 (eae
1078 2707 1180 2762 193)
1226 2707 1285 2767 Ελ
1411 2706 1498 2752 193
1526 2720 1599 2750 om
1628 2706 1667 2749 h
1695 2717 1733 2760 9
1768 2717 1814 2761 v,
1858 2705 1878 2748 i
1905 2717 1983 2760 my
2010 2704 2103 2747 add
2145 2716 2178 2747 v

53 2814 61 2829 .-
87 2777 174 2821 194
202 2781 272 2822 est
300 2790 373 2821 om
404 2779 444 2822 d
483 2777 498 2833 ΙΙ
538 2777 603 2821 illi
634 2777 691 2820 F
706 2791 743 2833 9
771 2777 830 2834 R,
860 2777 963 2822 istic
993 2791 1076 2835 affl
1106 2779 1182 2822 isti
1213 2791 1276 2835 α,
1395 2777 1480 2822 195
1506 2776 1648 2821 Aeris
1678 2789 1733 2831 a1
1772 2776 1789 2831 ΙΙ
1831 2777 1949 2819 uitat
1979 2775 2018 2818 d
2047 2788 2075 2829 ς
2104 2772 2178 2817 Η6

87 2845 221 2903 mllyo
251 2846 374 2900 olim,
418 2851 667 2905 ὑποφεύγει
694 2848 819 2892 Plan
962 2849 1045 2894 197
1074 2861 1268 2905 usquam
1306 2847 1387 2893 VA
1437 2848 1452 2903 ΙΙ
1501 2846 1709 2903 sequenti
1740 2859 1803 2904 a3
1830 2875 1849 2903 4
1885 2847 1934 2900 b.
1967 2848 2019 2904 b2
2045 2857 2118 2904 w7
2150 2861 2178 2902 ς

17 2934 21 2938 -
85 2916 172 2961 198
200 2917 439 2962 contrahat
466 2919 505 2962 h
531 2930 574 2962 η
687 2919 774 2964 199
799 2932 953 2964 nonne
981 2919 1030 2963 in
1062 2919 1203 2964 iacies
1232 2920 1284 2964 in
1313 2918 1441 2963 Mser
1458 2918 1577 2962 Diez
1604 2917 1720 2962 1075
1745 2918 1821 2962 Hs
1870 2918 1884 2973 ΙΙ
1938 2918 2177 2964 succedere

85 2986 125 3030 h
151 2988 209 3031 6²
236 3000 265 3032 6
295 3001 356 3046 αὃ
388 3001 456 3039 w,
486 3002 562 3047 we
593 3021 611 3047 ⁸
644 3004 672 3046 ς
699 2990 852 3047 vulgo,
892 2990 1103 3035 secedere
1133 2990 1247 3035 Fn
1277 3003 1313 3045 9
1349 3003 1382 3034 v
1419 2991 1468 3045 b,
1500 2991 1553 3043 b2
1582 3004 1609 3045 ς
1639 3008 1692 3043 ω,
1721 2990 1865 3045 (ὁρᾷς)
1897 2992 2177 3046 ἀποχρῶντα

85 3057 210 3102 Plan
350 3059 436 3104 201
465 3066 594 3105 tener
628 3074 681 3105 66
723 3062 762 3106 h
789 3059 925 3105 Riese
973 3062 989 3117 ΙΙ
1037 3061 1211 3106 lactans
1257 3074 1320 3118 α2
1349 3092 1367 3118 6
1399 3073 1437 3116 y
1487 3061 1502 3116 ΙΙ
1551 3059 1791 3104 simillimis
1826 3064 1944 3113 (corr
1971 3076 2018 3105 m
2046 3061 2092 3114 2)
2125 3061 2183 3105 F

84 3126 172 3172 202
200 3127 342 3174 barba
368 3142 439 3185 w,
487 3131 503 3186 ΙΙ
551 3131 702 3176 nitens
732 3136 926 3182 (tumens
953 3146 1048 3176 eser
1091 3132 1188 3186 F2)
1215 3133 1273 3176 F
1292 3133 1330 3176 h
1367 3144 1421 3180 αι
1454 3144 1490 3186 9
1518 3144 1560 3175 x
1589 3145 1616 3187 ς
1654 3130 1735 3175 VA
1765 3131 1854 3187 Hs,
1897 3144 2053 3176 recens
2082 3133 2175 3185 (sed

83 3198 246 3255 effa-st
263 3199 342 3246 1V
357 3200 445 3246 126
460 3201 560 3253 430)
581 3203 638 3246 3²
665 3214 708 3246 n
735 3214 764 3246 c
794 3204 833 3247 d
863 3203 910 3256 b,
945 3204 996 3253 ὀρ
1023 3214 1062 3258 9
1089 3215 1119 3247 z
1148 3217 1176 3259 ς
1194 3202 1343 3247 Bothe
1370 3202 1519 3258 vulyo,
1549 3203 1701 3245 uirens
1731 3214 1803 3255 a„
1834 3213 1907 3257 ἰυὦ
1944 3216 1971 3257 ς
1999 3201 2174 3258 Reyius

84 3268 172 3314 203
199 3268 353 3325 Surgit
378 3283 455 3329 mg,
484 3303 502 3328 o
556 3272 571 3327 ΙΙ
628 3278 699 3317 est
726 3286 799 3318 om
844 3274 897 3329 b,
928 3274 986 3330 ⁶2
1039 3274 1054 3328 ΙΙ
1104 3279 1328 3329 agrestem
1360 3285 1414 3322 a.
1446 3272 1520 3316 Hs
1548 3272 1683 3327 vulyo
1719 3271 1829 3315 olim
1960 3271 2047 3316 204
2075 3279 2172 3316 tum

16 3358 38 3382 .·
85 3338 142 3382 F
168 3354 196 3396 ς
238 3339 314 3385 VA
341 3341 418 3386 Hs
445 3342 580 3399 vulqo
609 3342 719 3387 olim
768 3343 783 3398 ΙΙ
833 3343 964 3388 albus
996 3355 1039 3388 ‘n
1068 3345 1116 3398 b,
1262 3343 1350 3388 205
1376 3342 1517 3387 Ridet
1546 3355 1655 3398 ager
1681 3343 1772 3386 duo
1800 3342 1964 3386 eeLeid
1992 3345 2036 3386 et
2065 3342 2171 3387 Vos·

15 3422 18 3428 ’
83 3411 246 3455 cianus
264 3411 340 3456 Hs
359 3411 494 3469 vulgo
514 3413 638 3467 olim,
668 3418 717 3456 οἱ
741 3411 957 3458 λειμῶνες
985 3412 1225 3471 διαγελῶσι
1244 3414 1369 3458 Plan
1404 3414 1419 3469 ss
1458 3426 1543 3458 nec
1571 3412 1720 3457 adhuc
1749 3425 1808 3468 a3
1839 3425 1871 3456 v
1900 3425 1965 3464 w,
1997 3425 2069 3468 w4
2100 3443 2119 3469 ⁶
2147 3443 2166 3468 ⁷

84 3479 256 3526 maoth
283 3485 330 3527 et
356 3483 502 3527 Zwiec
536 3482 720 3538 1161111116
748 3484 796 3527 in
824 3484 878 3528 fr.
909 3484 1000 3529 ulla
1029 3490 1099 3529 est
1126 3485 1272 3528 uirtus
1299 3496 1342 3529 n
1377 3484 1392 3540 ΙΙ
1427 3483 1670 3528 frondibus
1699 3483 1788 3535 (uel
1816 3482 2011 3527 floribus
2039 3483 2170 3539 imy)

85 3565 175 3610 ae,
202 3552 397 3598 floribus
426 3566 502 3608 a12
530 3566 606 3608 a¹³
632 3566 702 3601 wa
844 3554 932 3600 206
958 3554 1056 3600 rob.
1085 3560 1182 3599 etas
1209 3567 1242 3599 v
1271 3556 1320 3607 b¹
1465 3554 1549 3598 207
1581 3567 1654 3597 om
1684 3554 1733 3607 b1
1785 3553 1799 3608 ΙΙ
1848 3565 1932 3596 1166
1962 3553 2081 3596 enim
2112 3566 2166 3608 a1

83 3634 113 3666 6
142 3634 176 3666 v
209 3625 224 3677 ΙΙ
261 3622 488 3668 robustior
514 3636 547 3668 v
687 3624 774 3669 208
802 3624 880 3670 61).
908 3639 1058 3682 neque
1086 3625 1243 3669 ardeat
1272 3626 1320 3677 b2
1365 3625 1379 3678 ΙΙ
1415 3637 1499 3668 nec
1529 3637 1620 3680 quo
1652 3635 1714 3679 a2
1757 3624 1772 3678 ΙΙ
1814 3622 1962 3679 magis
1991 3628 2168 3668 aestuat

83 3692 210 3746 cPal,
238 3695 385 3750 magis
413 3699 590 3740 aestuet
617 3695 692 3739 Hs
733 3696 747 3751 ΙΙ
788 3695 901 3746 sulla
929 3700 975 3750 (n
1005 3700 1119 3750 eras)
1149 3703 1218 3740 est
1249 3695 1312 3747 F,
1345 3694 1421 3738 illa
1452 3700 1520 3738 est
1547 3706 1622 3751 κυῶ
