2554 4094
354 234 410 273 VI

358 378 412 425 in
446 376 611 439 praef
639 376 710 425 ed
745 376 843 424 crit
874 390 914 438 p
958 374 1067 434 VII,
1124 375 1251 422 ante
1288 370 1553 420 Prisciani
1607 371 1848 432 tempora
1903 384 1936 419 a
1992 371 2151 421 docto
2208 373 2445 434 quodam

357 462 580 510 homine
611 461 814 524 factam
853 470 971 509 esse
996 473 1193 508 novam
1219 457 1587 505 recensionem
1620 454 2153 518 Metamorphoseon,
2191 457 2299 507 hoc
2336 470 2446 520 quo

359 548 473 595 iure
498 546 691 595 dixerit
714 560 825 595 non
862 544 1031 593 video.
1098 544 1264 591 immo
1303 540 1560 590 omnibus
1598 539 1731 589 locis
1766 554 1799 589 a
1836 541 2116 592 Prisciano
2153 542 2349 604 allatis,
2388 543 2446 592 in

359 631 559 693 quibus
585 631 936 679 inveniuntur
971 629 1225 677 lectiones
1261 641 1293 675 a
1334 625 1594 674 librorum
1636 624 2024 676 Ovidianorum
2060 641 2331 678 consensu
2356 626 2445 690 (A)

356 716 684 775 recedentes,
726 729 847 764 cum
885 714 1023 763 aliae
1071 713 1308 760 rationes
1353 710 1743 772 discrepantias
1799 712 2188 774 interpretandi
2226 715 2448 776 praesto
2515 778 2517 782 ι

357 803 488 850 sunt
512 802 625 848 tum
654 799 957 848 communis
979 796 1458 860 ‚qrammaticorum
1494 795 1550 843 in
1589 795 1879 844 laudandis
1913 797 2229 846 auctoribus
2263 797 2447 862 neyle-

356 886 539 948 yentia
602 887 655 933 et
723 883 1074 946 indiligentia.
1185 882 1411 930 exeunte
1484 880 1700 929 tandem
1781 894 1914 930 aevo
1974 883 2205 944 antiquo
2271 883 2449 946 fuisse

359 971 634 1020 hominem
674 983 785 1018 non
830 968 993 1030 plane
1030 966 1325 1025 indoctum,
1381 966 1479 1026 qui
1513 979 1729 1015 carmen
1783 967 1925 1015 male
1959 966 2210 1016 habitum
2265 969 2321 1017 et
2354 967 2447 1018 de-

355 1056 651 1118 formatum
721 1052 1043 1112 emendaret,
1119 1051 1571 1112 interpretaretur,
1635 1052 2038 1101 commentariis
2085 1052 2378 1103 adornaret
2386 1048 2449 1115 1),

361 1140 608 1202 colliyere
642 1135 765 1186 licet
797 1151 862 1187 ex
885 1136 1145 1198 reliquiis,
1175 1148 1316 1197 quae
1338 1134 1431 1183 Izic
1457 1135 1566 1184 illic
1590 1135 2075 1198 deprehenduntur
2109 1138 2165 1186 in
2201 1137 2453 1188 Lactanti

360 1226 565 1274 Placidi
589 1225 686 1285 qui
709 1224 909 1272 dicitur
930 1219 1339 1271 narrationibus
1364 1220 1496 1270 huic
1520 1221 1750 1270 editioni
1771 1222 2012 1283 adiectis,
2050 1223 2204 1286 apud
2225 1223 2446 1287 mytho-

356 1310 613 1372 graphos,
643 1309 740 1369 qui
763 1308 893 1356 hinc
914 1307 1172 1370 pendent,
1203 1306 1505 1366 Vaticanos,
1531 1306 1683 1368 apud
1703 1306 1942 1355 Probum
1968 1305 2066 1369 (ad
2084 1321 2258 1371 yeory
2278 1308 2313 1358 I
2323 1308 2447 1369 399,

357 1395 416 1457 cf
433 1396 536 1443 test
559 1395 743 1443 nostra
770 1393 844 1442 ad
865 1393 951 1441 XI
975 1389 1115 1453 736),
1141 1391 1406 1451 Servium,
1438 1391 1652 1440 Vibium
1678 1387 2093 1454 Sequestrem2).
2149 1392 2257 1443 hac
2283 1393 2453 1457 igitur

356 1481 529 1529 aetate
564 1480 804 1528 recensio
841 1492 983 1527 nova
1014 1477 1164 1541 facta
1200 1490 1318 1525 esse
1357 1476 1582 1536 videtur,
1621 1477 1779 1525 cuius
1813 1478 1913 1525 aut
1948 1491 2119 1527 unum
2143 1479 2244 1528 aut
2269 1491 2448 1542 pauca

357 1563 440 1628 (cf
453 1579 493 1627 p
518 1562 648 1625 XII)
683 1563 925 1625 exempla
963 1561 1212 1624 (classem
1242 1559 1293 1611 O
1318 1559 1462 1623 dico)
1497 1562 1784 1611 coniuncta
1811 1574 1934 1610 cum
1963 1562 2085 1623 illis,
2123 1576 2263 1626 quas
2285 1564 2450 1614 modo

359 1650 486 1710 dixi,
536 1648 848 1712 fabularum
886 1647 1307 1706 narrationibus,
1359 1647 1414 1694 in
1453 1646 1692 1695 medium
1729 1660 1923 1695 aevum
1964 1649 2240 1698 venerunt.
2312 1649 2449 1699 Item

357 1735 565 1783 servata
591 1735 722 1782 sunt
745 1733 986 1795 exempla
1011 1732 1222 1794 aliquot
1243 1733 1423 1792 atque,
1465 1732 1526 1779 ut
1549 1731 1773 1792 videtur,
1806 1732 1980 1781 multo
1999 1732 2162 1795 plura
2188 1733 2449 1784 librorum

358 1833 390 1867 a
446 1820 739 1867 correctore
791 1832 903 1866 non
958 1817 1364 1866 emendatorum
1423 1816 1652 1878 ideoque
1699 1817 2075 1880 neglegentius
2117 1818 2452 1882 habitorum,

360 1903 601 1965 exempla
640 1903 760 1952 dico
798 1903 987 1952 classis
1026 1902 1276 1965 vulyatae
1313 1895 1446 1967 (X).

507 1988 717 2050 Optime
751 1989 932 2036 autem
966 1987 1177 2047 accidit,
1223 1986 1375 2048 quod
1408 1986 1676 2046 homines,
1717 1987 1814 2049 qui
1849 1988 1963 2036 tum
2002 1989 2172 2049 erant,
2210 2002 2272 2038 ea
2311 2001 2452 2050 quae

362 2075 678 2135 acceperant
701 2073 873 2122 multo
898 2074 1075 2136 mayis
1096 2074 1188 2135 pie
1211 2072 1570 2135 reliyioseque
1607 2072 1856 2122 colebant
1890 2074 1945 2122 et
1970 2073 2263 2123 servabant
2284 2087 2449 2136 quam

364 2159 469 2220 ipsi
506 2160 721 2207 veteres.
783 2173 910 2207 nam
950 2172 1136 2207 eorum
1177 2171 1338 2220 opera
1364 2157 1636 2220 sinyulari
1669 2159 1724 2206 et
1755 2158 2067 2220 qratissima
2103 2158 2315 2222 factum
2352 2161 2450 2220 est,

364 2245 424 2291 ut
458 2244 632 2292 medii
666 2244 787 2293 aevi
827 2259 897 2293 ne
928 2245 1123 2306 primis
1161 2244 1378 2305 quidem
1427 2244 1480 2292 et
1519 2243 1921 2292 obscurissimis
1963 2244 2297 2307 temporibus
2335 2257 2451 2294 non

362 2328 525 2378 modo
564 2343 676 2378 non
715 2330 1160 2392 exstinqueretur,
1212 2329 1312 2378 sed
1344 2342 1415 2377 ne
1453 2329 1847 2377 inminueretur
1880 2329 2098 2390 quidem
2135 2331 2235 2379 aut
2266 2329 2450 2394 negle-

360 2415 580 2476 9eretur
613 2415 871 2463 memoria
897 2414 1410 2476 Metamorphoseon
1420 2409 1482 2475 3).
1548 2427 1716 2475 quare
1752 2427 1916 2475 quam
1953 2427 2067 2463 non
2098 2415 2224 2479 fieri
2251 2415 2449 2478 potuit,

366 2552 607 2592 Gesclziclzte
647 2554 726 2592 der
767 2553 850 2592 Lat
890 2553 1111 2593 Literatur
1151 2554 1228 2592 des
1268 2553 1544 2593 Mittelalters
1575 2553 1602 2591 I
1627 2553 1716 2592 Von
1745 2553 1970 2592 Justinian
2009 2553 2076 2592 bis
2111 2564 2194 2593 zur
2218 2553 2346 2593 Mitte
2373 2554 2452 2594 des

364 2623 407 2661 X
432 2623 571 2662 Jahrlz
602 2624 818 2663 Miinchen
847 2624 973 2667 1911.
1017 2624 1174 2674 STafel
1199 2624 1280 2663 Die
1312 2615 1784 2675 l'sberlieferunysyesch
1823 2635 1907 2663 von
1938 2623 2071 2663 Ovids
2101 2624 2304 2664 Carmina
2331 2635 2451 2664 ama-

367 2695 485 2733 toria.
544 2695 733 2743 Verfolyt
762 2696 827 2734 bis
855 2706 957 2734 zum
988 2696 1040 2733 11
1072 2696 1213 2734 Jahrb
1243 2696 1405 2734 Miinch
1433 2696 1537 2735 Diss
1566 2696 1679 2734 1910
1705 2706 1738 2745 p
1766 2695 1822 2733 62
1835 2706 1900 2744 sq,
1933 2693 2224 2744 GPnydzoaki
2239 2693 2452 2735 Accessus

367 2763 567 2804 Ovidiani
608 2764 800 2813 (Krakau
837 2766 966 2816 1911)
995 2778 1026 2815 p
1057 2766 1080 2803 1
1100 2778 1164 2815 sq,
1209 2766 1429 2805 KBartsch
1458 2766 1661 2806 Albrecht
1709 2777 1734 2804 υ
1780 2765 2061 2804 Halberstadt
2107 2765 2201 2804 und
2242 2764 2355 2806 Ouid
2388 2766 2451 2805 im

365 2836 618 2875 Mittelalter
661 2836 855 2886 (Leipzig
899 2837 1029 2887 1861)
1074 2837 1330 2887 Einleituny
1370 2849 1403 2887 p
1431 2837 1501 2875 XI
1509 2848 1563 2886 sq
1590 2836 1738 2875 XLIII
1747 2847 1812 2885 sq,
1841 2838 2032 2875 ceterum
2062 2835 2230 2875 Sclzanz
2258 2834 2393 2876 Gesdu
2420 2836 2453 2876 d

365 2907 459 2945 ro’m
489 2907 560 2946 Lit
587 2905 651 2945 ΙΙ3
681 2908 720 2953 1,
749 2908 846 2946 352.

511 2978 549 3027 1)
586 2978 643 3028 Cf
665 2978 849 3017 Ehwald
875 2978 1015 3028 Proyr
1045 2977 1157 3017 Goth
1188 2978 1314 3023 1889,
1345 2978 1383 3016 1.

506 3047 547 3096 2)
579 3047 637 3097 Cf
662 3050 906 3087 testimonia
935 3051 1084 3088 nostra
1113 3049 1172 3087 ad
1198 3049 1265 3088 XI
1284 3049 1362 3088 751
1395 3051 1441 3087 et
1464 3049 1643 3099 passim.
1676 3050 1867 3087 ceterum
1897 3048 1950 3086 de
1978 3047 2050 3087 his
2080 3047 2340 3087 testimoniis
2367 3047 2452 3087 hoc

368 3128 542 3157 monere
580 3118 721 3164 velim,
765 3130 835 3158 me
872 3130 961 3158 non
993 3120 1038 3158 id
1065 3120 1218 3168 egisse,
1263 3121 1315 3158 ut
1341 3130 1640 3159 enumerarem
1669 3129 1800 3168 quam
1827 3118 2082 3168 plenissime
2112 3118 2376 3158 imitationes
2403 3119 2451 3157 et

367 3188 674 3227 similitudines
698 3189 948 3237 Ovidianas,·
977 3201 1087 3238 quae
1109 3201 1239 3239 opera
1260 3190 1420 3240 fuisset
1447 3192 1492 3229 et
1511 3190 1707 3229 inmensa
1735 3191 1782 3228 et
1809 3188 1986 3228 inutilis.
2034 3189 2143 3228 satis
2161 3189 2297 3238 iffitur
2311 3188 2450 3228 habui

368 3259 565 3297 attulisse
604 3258 832 3309 (quaedam
868 3272 939 3299 me
973 3261 1140 3310 fuyisse
1175 3262 1283 3312 scio)
1310 3262 1506 3311 primum
1543 3271 1618 3300 eos
1654 3259 1784 3307 locos,
1814 3260 1893 3309 qui
1915 3261 2070 3310 poetae
2099 3260 2276 3299 nomine
2302 3259 2452 3299 addito

369 3328 661 3374 laudarentur,
708 3332 800 3369 tum
847 3332 959 3370 totos
1004 3343 1153 3370 versus
1195 3334 1274 3370 aut
1313 3333 1372 3371 ad
1415 3333 1592 3371 verbum
1637 3333 1716 3370 aut
1747 3341 1882 3380 parva
1919 3331 2162 3370 mutatione
2197 3330 2451 3380 descn'ptos,

369 3398 522 3438 deinde
565 3410 638 3438 eas
683 3400 957 3446 imitationes,
1002 3413 1112 3450 quae
1157 3405 1303 3441 essent
1346 3405 1390 3441 et
1417 3403 1683 3442 certissimae
1716 3403 1762 3440 et
1802 3399 2106 3440 memorabiles
2133 3401 2189 3440 ob
2219 3401 2265 3440 id
2292 3401 2452 3451 ipsum,

370 3469 488 3518 quod
515 3469 646 3508 lectas
675 3482 769 3510 esse
801 3473 994 3521 tempore
1023 3472 1168 3521 aliquo
1198 3474 1574 3523 Metamorphoses
1603 3473 1666 3512 eis
1693 3471 1936 3522 probatur·
1965 3481 2075 3520 quos
2093 3472 2227 3510 huius
2246 3470 2454 3510 carminis

371 3540 487 3579 locos
520 3543 624 3590 post
650 3552 747 3580 saec
785 3542 874 3580 ΧΙΙ
905 3542 1103 3581 laudatos
1141 3544 1358 3590 videbam,
1396 3556 1470 3584 eos
1507 3542 1615 3591 (nisi
1645 3543 1764 3593 quod
1796 3542 2067 3582 Vincentium
2103 3541 2452 3581 Bellovacensem

370 3611 568 3650 accedere
599 3612 722 3662 iussi)
750 3613 842 3662 fere
871 3615 1011 3653 omisi.

513 3684 555 3731 3)
587 3682 645 3732 Cf
681 3684 725 3721 et
766 3694 841 3722 eos
884 3695 992 3732 quos
1041 3695 1174 3734 supra
1224 3684 1397 3724 laudavi
1445 3687 1575 3726 testes
1622 3687 1667 3724 et
1715 3685 1891 3734 praeter
1937 3684 2102 3722 ceteros
2141 3681 2300 3720 librum
2340 3680 2453 3731 opti-
