2580 4088
914 259 1048 304 Liber
1075 259 1200 305 VIII.
1228 258 1323 304 fab.
1353 260 1480 302 4-9.
2130 258 2231 305 677

149 402 579 469 cognominantur
745 401 980 454 Theseus
1006 417 1128 470 apro
1153 400 1435 470 Calydonio
1459 398 1730 452 interfecto
1757 414 1877 451 cum
1904 414 1957 451 se
1983 399 2231 467 reciperet
2252 412 2333 461 fab
2365 412 2395 452 5

147 486 380 540 Athenas
423 487 476 539 et
518 484 831 538 torrentibus
868 486 1016 552 aquis
1051 485 1489 555 interpellaretur,
1543 485 1608 537 ab
1645 483 1872 537 Acheloo
1909 499 2086 547 amne,
2144 486 2231 551 qui

145 571 401 624 imbribus
444 571 788 633 intumuerat,
841 570 1090 624 invitatus
1135 573 1236 635 est,
1290 571 1350 623 ut
1388 570 1496 623 suis
1534 570 1686 622 tectis
1731 568 2049 629 succederet,
2106 568 2230 621 dum

22 710 25 727 ¹
145 654 374 708 fluminis
428 654 570 707 unda
623 654 927 707 subsideret.
986 656 1132 708 cuius
1176 655 1264 708 ille
1309 654 1531 722 hospitio
1578 669 1700 708 cum
1753 653 2043 716 resedisset,
2097 653 2231 705 inter

11 730 25 769 ³³
85 752 110 791 5
145 739 492 809 epulationem
527 738 706 807 procul
740 738 938 791 insulas
981 740 1112 792 visas
1150 740 1214 793 ab
1252 739 1452 807 hospite
1479 738 1763 806 accepisset
1786 738 2043 806 nymphas
2068 736 2228 790 fuisse

142 823 323 876 naides
342 862 386 877 ..
409 844 436 889 .;
474 837 606 890 quae
641 836 762 875 cum
800 823 909 876 deis
935 839 1082 876 sacra
1105 824 1394 892 redderent,
1420 823 1508 876 ille
1547 824 1611 876 ab
1638 823 1719 876 his
1745 822 2053 891 praeteritus
2080 825 2230 885 esset,

140 910 315 962 motus
352 907 546 961 offensa
579 908 635 960 in
669 909 868 962 insulas
894 909 1188 962 Echinadas
1223 924 1311 962 eas
1338 909 1591 962 convertit
1732 897 2010 972 Perimele,
2035 907 2231 975 Hippo·
2250 924 2332 974 fab
2362 921 2394 965 5

141 993 401 1046 damantis
435 993 558 1057 filia,
594 1008 715 1045 cum
754 994 818 1046 ab
856 994 1081 1047 Acheloo
1119 1010 1271 1047 amne
1308 1009 1400 1063 per
1435 994 1541 1047 vim
1579 995 1716 1047 esset
1753 1008 2044 1062 conpressa,
2083 993 2230 1061 pater

24 1122 27 1125 .
139 1092 257 1131 eam
293 1078 358 1131 ob
396 1077 684 1131 admissum
720 1079 1081 1147 praecipitavit
1116 1079 1171 1131 in
1207 1079 1439 1147 pelagus
1495 1080 1757 1147 stuprator
1794 1077 2005 1146 expetiit
2039 1077 2129 1137 ita,
2167 1078 2228 1129 ut

46 1173 104 1218 ,10
138 1161 387 1226 beneficio
424 1162 655 1231 Neptuni
710 1178 855 1216 mare
911 1179 1027 1216 eam
1072 1166 1326 1217 semotam
1371 1165 1436 1216 ab
1475 1163 1832 1217 Echinadibus
1875 1161 2104 1216 efficeret
2148 1161 2226 1214 in·

138 1247 309 1300 sulam
479 1247 717 1316 Iuppiter
753 1250 806 1300 et
831 1247 1118 1301 Mercurius
1154 1250 1208 1300 in
1246 1249 1516 1301 hominum
1540 1249 1734 1316 figuras
1767 1248 1901 1302 versi
1936 1248 1992 1300 in
2015 1246 2222 1314 regione
2244 1262 2324 1312 fab
2352 1260 2379 1302 7
2399 1259 2428 1302 8
2453 1259 2481 1301 9

135 1331 391 1400 Phrygiae
429 1347 550 1385 cum
587 1333 787 1386 animos
823 1332 1113 1386 incolarum
1150 1334 1345 1402 experti
1383 1349 1415 1386 a
1438 1332 1582 1386 nullo
1608 1334 1964 1402 exciperentur
1988 1331 2224 1399 hospitio,

136 1431 168 1468 a
203 1416 505 1469 Philemone
541 1419 594 1469 et
629 1417 859 1471 Baucide
896 1417 1298 1486 hospitalissime
1336 1419 1460 1471 sunt
1495 1419 1712 1487 excepti,
1751 1420 1804 1470 et
1841 1433 1961 1470 cum
1997 1417 2224 1470 maxima

134 1500 399 1554 voluntate
434 1501 590 1554 rebus
626 1501 1016 1569 humilibusque
1054 1503 1121 1555 ad
1146 1503 1342 1556 victum
1379 1505 1432 1555 et
1467 1503 1772 1556 necessariis
1811 1502 2222 1570 simplicissimos

50 1595 96 1637 15
133 1586 333 1638 animos
369 1601 655 1654 pauperum
692 1587 886 1654 experti
923 1588 1061 1640 sunt.
1143 1602 1278 1654 ergo,
1322 1589 1382 1639 ut
1417 1603 1614 1640 numen
1652 1603 1713 1640 ac
1749 1587 1856 1640 vim
1893 1586 2223 1640 ostenderent

132 1685 299 1739 suam,
338 1670 590 1724 sevocatis
627 1671 840 1724 senibus
886 1671 942 1723 in
980 1672 1311 1725 excelsiorem
1357 1672 1543 1725 collem
1582 1687 1758 1725 casam
1785 1687 1964 1725 eorum
2002 1672 2058 1722 in
2088 1672 2221 1723 tem-

131 1755 279 1821 plum
315 1756 677 1809 converterunt
696 1770 888 1822 eosque
925 1756 1064 1823 ipsos
1101 1758 1306 1825 optatos
1344 1757 1605 1809 antistites
1643 1757 1832 1809 sacrati
1868 1757 1967 1809 loci
2005 1755 2222 1824 praesti-

129 1841 321 1903 terunt,
357 1839 433 1892 ita
468 1841 541 1904 ut,
578 1855 699 1892 cum
736 1842 1004 1894 senectute
1043 1841 1198 1894 soluti
1236 1843 1426 1905 essent,
1461 1841 1516 1893 in
1543 1842 1750 1894 arbores
1781 1841 2215 1898 converterentur,

128 1925 188 1976 ut
225 1923 498 1978 Philemon
540 1925 746 1978 cederet
788 1926 845 1977 in
888 1925 1154 1991 fruticem,
1203 1927 1395 1980 Baucis
1424 1927 1477 1979 in
1518 1927 1708 1990 tiliam;
1756 1926 2003 1995 oppidum
2042 1925 2217 1977 autem

2 2049 6 2051 -
38 2018 90 2060 20
126 2023 318 2074 eorum,
359 2009 496 2077 quod
532 2011 729 2062 ceteros
766 2011 903 2064 cives
930 2011 1270 2080 inhospitales
1295 2012 1564 2080 habuerat,
1601 2027 1855 2079 aquarum
1880 2009 2215 2063 multitudine

263 2163 498 2221 Nymphas
525 2153 672 2210 naiad
693 2163 741 2207 in
774 2163 945 2246 insulas
974 2173 1111 2221 sepos
1132 2169 1243 2222 post
1270 2167 1360 2212 546
1384 2166 1457 2210 Μ
1567 2167 1654 2220 139
1686 2199 1695 2208 .
1719 2197 1730 2207 .
1753 2199 1761 2207 .
1783 2163 1904 2208 fecto
1936 2166 2111 2219 (maryo
2142 2162 2215 2206 de-

121 2261 261 2316 cisus)
288 2261 349 2305 N
378 2263 394 2316 ΙΙ
429 2261 641 2306 Athenas
670 2261 722 2318 V,
753 2261 931 2309 athenis
962 2265 1041 2316 M,
1071 2263 1249 2309 athenis
1278 2266 1338 2309 N
1446 2264 1475 2307 2
1504 2267 1567 2317 t(e
1587 2278 1643 2307 ea:
1665 2262 1939 2316 o)rrentibus
1968 2263 2031 2306 M
2082 2262 2097 2317 ΙΙ
2146 2261 2213 2305 in-

121 2332 430 2389 terpellaretur
461 2333 507 2376 0
529 2333 582 2383 V,
614 2332 911 2389 impediretur
938 2335 1165 2380 Munelcer
1193 2335 1325 2392 vulyo
1373 2336 1388 2391 ΙΙ
1438 2334 1597 2379 echolo
1628 2336 1687 2379 N
1767 2335 1797 2378 4
1825 2337 1942 2386 res(e
1961 2347 2018 2377 ex
2036 2333 2214 2387 i)disset

125 2431 202 2485 M,
234 2430 404 2476 redisse
431 2432 492 2475 N
536 2432 551 2487 ΙΙ
601 2438 648 2477 et
675 2432 795 2477 inter
824 2434 987 2478 malim
1100 2436 1129 2478 4
1157 2403 1352 2491 ins¹l¹las6
1372 2434 1560 2488 eras)las
1589 2433 1660 2478 M
1740 2434 1770 2477 ἕ)
1799 2435 2048 2488 accepisset
2076 2431 2147 2475 M
2157 2432 2209 2485 V,

121 2502 419 2547 conuertisset
437 2502 504 2555 N,
534 2505 707 2559 accepit
733 2505 867 2561 vulyo
962 2506 992 2550 6
1019 2505 1180 2550 naides
1204 2506 1265 2559 O,
1294 2505 1481 2549 naiades
1502 2504 1695 2561 Vvulyo
1731 2504 1745 2559 ΙΙ
1783 2503 2168 2595 lacungngzehffigggi
2190 2501 2205 2553 il

117 2598 276 2654 procul
305 2599 389 2643 ius.
423 2599 663 2646 echinadas
684 2614 761 2646 eas
782 2604 1083 2648 conuertisset
1101 2603 1170 2660 (cf
1173 2607 1410 2660 postrema
1429 2604 1561 2648 verba
1580 2603 1780 2659 fabulae)
1808 2603 1868 2646 N
1914 2605 1928 2659 ΙΙ
1995 2603 2071 2648 ille
2127 2604 2213 2656 M,

119 2673 165 2713 et
194 2669 270 2714 ille
299 2670 460 2714 malim
576 2674 600 2716 7
632 2672 868 2718 ethinadas
899 2676 963 2718 M

258 2739 480 2785 Perimele
515 2742 563 2785 in
592 2742 785 2788 insulam
807 2748 919 2800 post
945 2746 1035 2790 589
1059 2747 1132 2790 M
1215 2747 1297 2801 ’739
1327 2745 1663 2801 ippodamantis
1697 2745 1743 2787 O
1844 2745 1872 2790 8
1902 2743 2059 2788 achelo
2089 2743 2148 2807 N
2194 2742 2208 2797 [Ι

1574 2802 1591 2827 2
1803 2799 1820 2825 3

115 2850 373 2893 compressa
399 2840 481 2893 M,
510 2841 831 2897 comprehensa
852 2845 918 2898 N,
949 2856 1166 2900 oppressa
1196 2845 1242 2890 V
1265 2844 1395 2901 valyo
1479 2843 1509 2888 9
1537 2802 1852 2889 ἓωίξζιοιῗξιῦῖἱῑ
1887 2844 1901 2899 ΙΙ
1942 2810 2113 2900 expetit

114 2907 172 2952 10
199 2908 490 2955 ethinadibus
517 2912 590 2955 M

253 2979 460 3036 Iuppiter
488 2990 534 3027 et
563 2985 808 3029 mercurius
836 2985 884 3028 in
910 2984 1035 3030 homi
1055 2986 1257 3042 species·
1286 2985 1441 3031 baucis
1463 2991 1509 3031 et
1536 2986 1736 3042 pilemon
1766 2986 1811 3029 in
1833 2986 2019 3030 arbores
2049 2996 2204 3029 eorum

114 3053 217 3093 casa
253 3050 301 3093 in
341 3052 512 3108 templu
538 3057 651 3109 post
679 3055 769 3100 612
793 3056 866 3100 Μ
1031 3056 1144 3112 1239
1171 3056 1335 3113 frigiae
1363 3057 1437 3101 M
1488 3058 1502 3112 ΙΙ
1552 3057 1679 3101 nullo
1716 3057 1836 3101 ultro
1867 3057 1912 3102 V
1936 3055 2069 3112 vulyo
2098 3057 2206 3098 ante

112 3119 418 3166 Munekerum
458 3124 472 3179 ΙΙ
517 3137 616 3168 cum
638 3127 810 3171 amieos
831 3126 1079 3171 incolarum
1111 3128 1434 3184 experientiam
1456 3128 1575 3172 ultro
1597 3128 1909 3185 exciperentur
1928 3126 2129 3183 hospitio
2150 3126 2210 3168 N

112 3190 170 3236 13
197 3204 225 3235 a
254 3192 480 3247 pilemone
507 3194 581 3238 M
595 3195 649 3250 V,
680 3196 728 3252 (a
749 3200 837 3248 om)
868 3196 1216 3254 epiphelomone
1245 3200 1304 3243 N
1340 3200 1354 3254 ΙΙ
1394 3199 1558 3244 bacide
1587 3200 1646 3243 N
1735 3201 1792 3243 14
1820 3198 2057 3244 uoluntate
2081 3200 2126 3243 O
2148 3199 2202 3250 V,

111 3261 349 3318 voluptate
367 3263 514 3320 vulgo,
533 3266 611 3308 sed
630 3267 684 3323 ef
695 3270 787 3312 met
821 3267 946 3312 VIII
961 3269 1050 3313 678
1081 3270 1095 3324 ΙΙ
1131 3269 1474 3326 humilibusque
1493 3271 1573 3323 M,
1607 3269 1961 3325 humilibus(que
1982 3273 2070 3321 om)
2088 3269 2147 3312 N
2163 3269 2208 3314 V

111 3332 167 3376 15
185 3336 300 3385 801¹(i
321 3333 496 3386 irm2)
529 3336 597 3380 M
644 3338 659 3392 ss
710 3338 970 3383 ostenderet
997 3340 1070 3383 M
1264 3340 1322 3385 16
1350 3342 1576 3386 seuocatis
1606 3340 1791 3385 senibus
1825 3341 1870 3384 0
1902 3340 1955 3395 V,
1994 3351 2197 3383 seorsum

111 3403 276 3447 uocati’
305 3418 400 3449 sscr
429 3418 487 3450 m
620 3409 676 3452 17
707 3412 904 3464 optatos]
937 3408 1021 3453 ‘hie
1049 3411 1229 3466 explica
1250 3424 1351 3455 cum
1375 3417 1622 3467 optassent.
1654 3414 1705 3455 ut
1737 3411 1909 3454 iuratus
1940 3412 1983 3453 et
2010 3408 2197 3453 similia'

108 3472 260 3518 Burm
345 3477 458 3532 1739
489 3482 612 3533 (prae
632 3492 783 3533 paene
812 3480 1266 3532 evanida)stituerunt
1295 3483 1355 3526 N
1435 3482 1492 3526 18
1521 3487 1571 3526 ut
1600 3482 1646 3524 in
1667 3486 1833 3524 senect.
1864 3481 1923 3523 N
2002 3480 2060 3524 19
2087 3479 2198 3536 pile-

108 3556 217 3588 mon
238 3546 296 3589 N
308 3546 360 3599 V,
390 3547 591 3602 pelimon
619 3550 692 3592 M
715 3550 730 3604 ΙΙ
758 3549 965 3595 fruticem
1008 3551 1054 3595 Ο
1083 3551 1136 3604 V,
1175 3551 1323 3597 ilicem
1353 3551 1574 3609 Micyllus
1623 3554 1637 3606 ΙΙ
1687 3550 1810 3595 bacis
1848 3553 1906 3595 N
1951 3552 1965 3607 Η
2015 3550 2114 3595 tilia
2143 3551 2202 3593 N

107 3612 166 3657 20
201 3627 417 3670 aquarum
460 3619 609 3675 vulgo,
655 3633 875 3676 equorum
914 3622 1334 3713 (simmffisnggarum
1365 3626 1434 3677 N,
1481 3635 1673 3679 quorum
1713 3622 1778 3664 M
1836 3624 1849 3677 ΙΙ
1907 3619 2197 3665 multitudine

111 3712 156 3756 0
179 3713 233 3766 V,
263 3715 574 3770 magnitudine
604 3716 829 3762 Munclcer
858 3720 991 3775 vulgo
1021 3721 1231 3766 obrutum
1259 3723 1331 3767 M
