2580 4088
46 0 105 45 ,ᾗ

858 201 996 247 Liber
1026 201 1154 248 XIV.
1182 201 1276 247 fab.
1310 204 1491 248 12-17.
2114 206 2214 254 '709

29 342 79 421 ’,χ
131 342 276 399 urbis
335 343 499 397 Albae
559 343 758 411 accepit
816 343 1106 413 imperium.
1202 344 1300 398 sub
1354 343 1453 398 hoc
1511 344 1744 398 Pomona
1800 345 2215 415 hamadryadum

130 427 494 498 nympharum,
553 426 820 480 hortorum
880 429 1067 482 cultrix
1114 428 1450 496 feliciumque
1505 429 1762 494 arborum,
1824 431 1972 483 cuius
2026 447 2216 485 nomen

131 511 365 584 pomaria
414 512 667 576 obtinent,
717 510 831 566 fuit.
917 513 1053 566 hanc
1107 530 1228 567 cum
1271 513 1592 567 Vertumnus
1647 514 1884 582 diligeret
1931 515 2114 569 solitus
2161 517 2217 568 in

30 635 47 656 κ
131 598 300 654 varias
322 596 515 664 figuras
553 598 756 649 mutare
783 599 835 650 et
872 613 934 651 ea
957 598 1245 666 refugiente
1269 598 1604 652 concubitum
1629 599 1975 653 sollicitudine
2001 600 2218 653 adsidua

24 695 97 747 5
129 683 379 746 ureretur,
421 681 698 734 novissime
742 682 798 734 in
843 698 1003 735 anum
1052 699 1230 736 versus
1267 685 1348 737 est
1382 684 1531 751 eique
1568 685 1737 737 multa
1771 685 1987 753 rettulit,
2025 685 2213 752 quibus

130 767 356 823 feminae
399 767 539 820 flecti
582 767 820 829 solerent,
865 770 925 820 ut
974 768 1074 821 sibi
1108 769 1424 836 iungeretur.
1496 769 1612 837 ipsa
1647 771 1823 822 autem
1858 772 2217 837 perseverante

23 869 46 931 ἠτ
130 854 187 907 in
228 852 486 922 proposito
529 851 808 904 novissime
852 852 1010 906 refert
1054 869 1257 921 quoque
1302 853 1465 907 fuisse
1502 853 1670 922 Cypro
1707 855 2048 919 Anaxareten,
2086 870 2217 922 quae

36 975 39 978 >
130 939 337 1008 propter
371 936 669 1005 superbiam
703 937 888 1004 punita
917 936 1103 991 fuisset
1128 954 1159 991 a
1183 939 1398 1002 Venere,
1433 954 1714 1007 versusque
1739 939 1795 991 in
1820 954 1971 992 suam
1993 939 2217 992 formam

36 1028 42 1090 ᾖ
133 1022 413 1077 concubuit
455 1035 577 1074 cum
624 1037 686 1075 ea
740 1021 1061 1076 Vertumnus
1261 1023 1333 1078 In
1386 1023 1560 1077 insula
1603 1023 1771 1092 Cypro
1813 1025 2104 1077 Anaxarete
2153 1040 2215 1078 ex
2234 1037 2316 1088 fab
2345 1033 2407 1078 17

18 1105 95 1182 fluo
127 1107 371 1179 progenie
407 1107 593 1160 Teucri
629 1106 903 1160 Salaminii
945 1107 1112 1161 forma
1160 1110 1358 1162 ceteras
1395 1108 1564 1175 gentis
1601 1108 1835 1162 eiusdem
1871 1125 2216 1178 supergressa,

39 1215 41 1217 ¹
130 1193 237 1258 sed,
295 1193 357 1245 ut
414 1192 745 1261 pulchritudo
806 1193 1055 1257 eminens,
1115 1192 1215 1246 fuit
1273 1195 1481 1262 propter
1535 1194 1938 1262 adspirationem
1989 1195 2218 1248 virorum

34 1313 41 1315 >
130 1278 478 1333 abominanda
537 1278 793 1331 omnibus.
884 1293 1043 1346 quam
1102 1294 1224 1332 cum
1274 1278 1424 1347 Iphis
1478 1278 1712 1332 eiusdem
1766 1279 1992 1332 civitatis
2044 1294 2218 1333 amore

130 1364 367 1432 diligeret
419 1378 588 1431 neque
642 1363 844 1416 aditum
896 1364 962 1416 ad
1016 1378 1134 1417 eam
1189 1363 1290 1417 sibi
1343 1363 1487 1416 omni
1541 1365 1771 1432 tempore
1816 1365 2109 1418 occursanti
2157 1381 2219 1419 ac

22 1518 25 1523 ι
130 1448 382 1502 deferenti
418 1463 570 1501 casus
608 1463 745 1515 saue,
786 1448 922 1516 quod
957 1449 1013 1500 in
1049 1450 1161 1501 tam
1198 1448 1342 1516 gravi
1379 1450 1515 1501 sorte
1551 1448 1821 1501 incidisset
1857 1489 1869 1502 .
1903 1489 1915 1501 .
1953 1450 2019 1502 ad
2056 1451 2220 1503 extre-

22 1531 92 1599 ‘525
127 1549 291 1598 mum,
325 1548 392 1586 ne
431 1533 625 1586 diutius
662 1533 872 1598 doleret,
909 1535 1069 1586 noctu
1104 1534 1241 1586 clam
1278 1534 1399 1586 ante
1436 1533 1570 1586 fores
1606 1533 1809 1601 puellae
1849 1534 2125 1606 suspendio
2163 1549 2218 1587 se

127 1618 380 1673 liberavit.
436 1618 521 1672 cui
557 1633 679 1671 cum
714 1617 872 1671 funus
908 1633 1000 1686 pro
1037 1618 1290 1685 dignitate
1324 1617 1559 1671 fortunae
1583 1633 1676 1686 per
1699 1618 1968 1686 publicum
1993 1618 2220 1672 maxima

268 1857 296 1900 1
324 1854 452 1900 urbis
488 1858 537 1900 in
573 1868 653 1900 eos
684 1854 810 1912 quod
853 1853 942 1899 huc
970 1867 1054 1911 pro
1084 1854 1176 1899 casi
1205 1854 1378 1899 fluuius
1414 1853 1518 1899 albe
1546 1867 1637 1899 acc.
1665 1854 1905 1910 imperium
1934 1856 1991 1899 N
2030 1857 2046 1912 ΙΙ
2098 1870 2221 1901 ama-

129 1926 337 1972 driadum
366 1927 447 1984 M,
494 1926 773 1972 amariadum
802 1925 863 1969 N
907 1926 921 1981 ΙΙ
971 1939 1069 1970 una
1096 1939 1154 1982 ee,
1193 1926 1248 1982 ef
1280 1939 1312 1981 p
1342 1925 1440 1979 649,
1461 1926 1491 1970 7
1659 1925 1689 1969 2
1723 1924 1919 1981 felicfiq:
1965 1928 2033 1971 M
2083 1927 2099 1983 ΙΙ
2149 1941 2223 1972 ar-

125 2000 305 2053 bor(um
335 2000 355 2044 i
381 2002 422 2053 r)
453 2000 514 2044 N
653 1998 684 2044 3
711 1997 801 2043 fuit
831 1997 882 2054 Ο,
914 2010 988 2042 om
1025 1995 1067 2042 V
1090 1997 1224 2054 vulyo
1274 1998 1289 2053 ΙΙ
1340 2010 1440 2042 cum
1471 2011 1543 2041 om
1573 1997 1635 2041 N
1751 2000 1781 2042 4
1807 2003 1982 2042 mutare
2010 1999 2091 2052 M,
2119 2011 2221 2043 mu·

128 2076 265 2125 taren:
291 2071 392 2126 viry
420 2070 495 2115 del
522 2084 569 2113 m
592 2069 633 2124 1>
662 2069 729 2124 N,
760 2068 926 2113 mutari
965 2067 1007 2113 V
1029 2067 1164 2125 vulyo
1204 2068 1220 2122 ΙΙ
1262 2073 1308 2113 et
1336 2068 1636 2124 refugientem
1665 2068 1719 2112 N
1752 2069 1767 2124 ΙΙ
1810 2069 2100 2114 sollictudine
2129 2084 2219 2115 ass.

129 2156 194 2188 ur.
222 2142 304 2196 M,
334 2140 594 2186 sollicitudo
624 2153 664 2185 a.
694 2145 875 2185 aureret
901 2139 995 2192 (sic)
1025 2139 1087 2183 N
1222 2138 1252 2183 5
1280 2152 1416 2183 auum
1446 2139 1506 2183 N
1550 2139 1565 2194 ΙΙ
1614 2152 1773 2184 uersus
1804 2146 1874 2184 est
1901 2140 1968 2194 N,
2006 2134 2104 2184 tisa’
2135 2142 2170 2194 (i
2197 2155 2222 2185 e

127 2225 289 2259 uersus
317 2225 374 2256 em
393 2225 524 2257 uersa
542 2226 589 2255 m
610 2211 650 2268 Ι,
680 2224 839 2256 uersus
857 2211 877 2255 i
896 2225 973 2267 my
994 2211 1178 2255 iteravit
1197 2223 1244 2253 m
1261 2210 1303 2263 1)
1322 2210 1402 2263 M,
1433 2223 1679 2255 conuersus
1709 2216 1780 2255 est
1814 2210 1857 2255 V
1890 2212 1905 2267 ΙΙ
1945 2211 2122 2255 rettulit
2148 2212 2218 2267 N,

130 2283 287 2330 retulit
314 2283 387 2328 M
402 2283 448 2330 V
554 2283 584 2327 6
611 2281 809 2327 feminae
838 2295 911 2326 om
930 2282 987 2325 N
1020 2282 1034 2336 ΙΙ
1075 2281 1274 2326 solerent
1300 2279 1346 2324 O
1374 2279 1422 2334 V,
1453 2280 1603 2325 solent
1621 2281 1755 2337 vulyo
1797 2283 1811 2337 ΙΙ
1852 2281 2148 2337 iungerentur
2166 2283 2228 2326 N

9 2088 21 2145 ἵε

133 2357 158 2401 7
190 2354 344 2413 Cypro
365 2354 418 2407 V,
436 2355 560 2410 cipro
578 2354 628 2411 0,
656 2354 703 2397 in
726 2352 876 2410 Cypro
896 2353 995 2409 (sed
1017 2352 1172 2409 Cypro
1194 2351 1400 2396 dativum
1419 2365 1512 2396 esse
1530 2353 1669 2408 puto)
1698 2352 1830 2409 mclyo
1870 2354 1884 2408 ΙΙ
1924 2353 2222 2397 Anaxareten

131 2427 178 2473 V
191 2425 338 2483 vulyo,
359 2424 662 2469 anaxerethen
680 2425 762 2477 M,
793 2422 1053 2468 amarethen
1072 2423 1133 2466 N
1212 2422 1241 2467 8
1270 2421 1483 2478 usquein
1503 2423 1563 2466 N
1642 2423 1673 2468 9
1699 2424 1946 2478 uer(eetera
1960 2424 2146 2477 abscisa)
2166 2424 2228 2468 N

272 2494 602 2541 Anaxarethen
630 2495 680 2538 in
699 2494 895 2550 lapidem
916 2497 1029 2549 post
1042 2494 1129 2539 697
1154 2494 1223 2538 M
1336 2494 1366 2537 9
1395 2493 1448 2537 In
1477 2506 1550 2537 om
1579 2495 1639 2538 N
1674 2495 1689 2548 11
1730 2495 1855 2550 cipro
1889 2494 1934 2538 Ο
1975 2495 1990 2550 ΙΙ
2031 2496 2221 2539 Anaxa-

131 2572 227 2612 rete
253 2565 307 2623 V,
336 2565 610 2612 anaxarethe
643 2565 688 2608 O
738 2566 754 2620 ΙΙ
803 2565 887 2609 An.
916 2564 1006 2608 fuit
1043 2563 1087 2608 V
1108 2564 1240 2620 vulyo
1383 2564 1500 2619 lesq
1531 2564 1765 2608 Salaminii
1793 2565 1941 2622 vulyo,
1981 2565 2222 2619 salaminffi

131 2637 422 2684 simillimum
452 2639 519 2681 est
540 2637 718 2681 litterae
737 2650 782 2687 n,
810 2639 1051 2692 propterea
1071 2635 1295 2679 salaminii
1315 2635 1502 2679 iteravit
1517 2636 1538 2679 i
1555 2649 1633 2692 my
1653 2650 1700 2679 m
1718 2635 1763 2688 2)
1792 2637 1873 2689 Μ,
1903 2636 2123 2680 salamina
2151 2637 2219 2689 N,

6 2706 9 2709 ’
83 2757 87 2762 ,
132 2709 374 2754 Salaminia
402 2709 449 2754 V
474 2709 489 2763 ΙΙ
518 2720 635 2764 quae
663 2707 811 2752 forma
848 2705 892 2751 V
913 2706 1042 2763 vulyo
1064 2707 1079 2762 11
1100 2706 1270 2751 formas
1299 2707 1359 2751 N
1394 2707 1408 2762 ΙΙ
1450 2711 1620 2751 ceteras
1649 2707 1804 2763 gentis
1833 2706 2034 2751 eiusdem
2054 2707 2223 2760 Burm,

80 2769 83 2771 ’
133 2785 319 2826 caeteras
348 2783 509 2834 gentes
538 2777 740 2822 eiusdem
771 2777 852 2833 M,
889 2782 1056 2822 teteras
1093 2783 1253 2833 gentes
1284 2790 1324 2823 e.
1358 2778 1427 2831 N,
1466 2783 1636 2822 ceteras
1679 2783 1841 2834 gentes
1880 2777 2083 2822 eiusdem
2113 2778 2221 2822 civi-

133 2851 243 2896 tatis
272 2850 341 2906 (ef
364 2850 430 2894 lin
453 2847 527 2906 12)
557 2848 604 2895 V
626 2848 773 2906 vutyo,
804 2855 888 2894 cet.
922 2848 1124 2905 virgines
1154 2861 1191 2893 e.
1222 2848 1310 2893 civ.
1340 2862 1418 2905 my
1447 2848 1746 2905 Micyllianae
1774 2849 1789 2904 ΙΙ
1822 2861 2113 2905 supergressa
2140 2849 2220 2905 M,

133 2933 448 2979 supergressas
491 2920 558 2972 N,
603 2932 895 2977 supergressa
939 2924 1009 2964 est
1050 2920 1098 2967 V
1120 2919 1251 2976 vulyo
1394 2921 1450 2964 11
1480 2925 1526 2964 et
1570 2927 1622 2963 ut
1659 2918 1830 2976 pulchr.
1869 2932 2018 2963 emum
2055 2918 2224 2963 inhesit

134 2991 229 3046 (eie)
250 2996 437 3048 propter
455 2991 515 3035 N
531 2992 546 3045 ss
567 2990 632 3035 ita
650 2996 837 3046 propter
863 2989 1052 3047 Vvulyo
1074 2991 1089 3046 ΙΙ
1110 2990 1466 3046 adspirationem
1494 2990 1552 3045 0,
1570 2990 1936 3046 aspernationem
1967 2991 2015 3037 V
2044 2990 2179 3046 vulyo
2208 2991 2225 3044 Ι

133 3067 338 3108 utrorum
366 3062 427 3106 N
535 3060 592 3105 12
620 3060 958 3106 abhominanda
986 3061 1059 3106 M
1086 3062 1103 3118 ΙΙ
1141 3060 1243 3117 qua’
1275 3075 1376 3106 cum
1406 3062 1466 3106 N
1491 3062 1506 3117 ΙΙ
1527 3060 1663 3119 yphis
1691 3061 1754 3105 N
1789 3061 1804 3117 ΙΙ
1842 3059 2038 3116 fortasse
2067 3073 2221 3105 amore

0 3119 4 3148 ξ
101 3174 106 3178 .
134 3146 247 3179 uero
360 3132 418 3178 13
428 3146 478 3187 eq
508 3132 564 3176 ad
594 3145 693 3176 eam
724 3132 1118 3184 sibi—incidisset]
1146 3133 1211 3177 eie
1243 3131 1302 3186 0,
1346 3132 1405 3176 ad
1434 3145 1533 3177 eam
1564 3135 1684 3186 (eum
1729 3130 1781 3184 V)
1811 3130 2014 3187 haberet,
2044 3131 2219 3184 dolens,

0 3199 3 3209 ’
137 3203 262 3262 quod
290 3204 340 3247 in
368 3207 463 3247 tam
492 3215 680 3258 gravem
710 3207 876 3247 sortem
908 3202 1145 3248 incidisset
1183 3202 1226 3248 V
1247 3203 1382 3260 vulyo
1505 3205 1563 3248 14
1592 3202 1818 3247 deferenti
1845 3202 1926 3255 M,
1958 3201 2222 3245 defendenti

134 3277 205 3330 N,
234 3273 424 3320 deflenti
453 3274 621 3317 conieci
670 3275 684 3327 ΙΙ
731 3274 861 3329 graui
891 3279 1014 3318 sorte
1049 3274 1108 3328 O,
1138 3287 1326 3331 grauem
1356 3279 1524 3319 sortem
1564 3274 1611 3321 V
1634 3274 1784 3330 υιιῐρο,
1814 3273 1892 3317 sed
1920 3274 1974 3329 ef
1986 3287 2023 3328 p
2054 3273 2151 3324 664,
2170 3272 2229 3317 13

136 3349 179 3393 et
234 3345 332 3399 703,
361 3345 419 3390 14
489 3344 504 3400 ΙΙ
575 3343 785 3388 lacunam
847 3346 1015 3398 statui,
1079 3347 1322 3402 reperisset
1392 3345 1461 3390 vel
1522 3344 1670 3390 simile
1736 3343 1913 3398 aliquid
1975 3342 2227 3387 desiderari

129 3460 250 3514 puto
379 3459 493 3513 148q
523 3458 581 3502 ad
612 3463 861 3503 extremum
890 3472 963 3502 om
993 3459 1054 3502 N
1162 3459 1219 3504 15
1249 3458 1364 3504 clam
1385 3464 1491 3504 ante
1521 3458 1721 3516 Vvulyo‚
1751 3415 2080 3511 εἰεωωιῗὲῗαεε
2109 3469 2223 3510 erae,

139 3541 162 3572 s
190 3529 210 3572 i
236 3542 263 3572 r
290 3541 337 3572 m
365 3528 410 3577 2)
438 3529 517 3585 Μ,
549 3528 785 3582 clamantes
816 3532 855 3582 (s
885 3532 1001 3582 erae)
1032 3530 1091 3573 N
1199 3530 1258 3575 16
1286 3529 1358 3574 cui
1388 3533 1506 3580 (cum
1527 3531 1618 3585 om)
1649 3530 1815 3575 faunus
1843 3530 1903 3574 N
1926 3529 1940 3584 ΙΙ
1981 3542 2065 3585 pro
2095 3527 2223 3583 dign.

138 3598 365 3652 fortunae]
395 3600 472 3644 sed
491 3600 544 3656 cf
565 3602 658 3644 met
678 3598 803 3647 XIV
817 3599 906 3645 699
930 3598 1093 3644 humili
1122 3599 1180 3645 de
1200 3601 1341 3654 stirpe
1360 3606 1549 3656 creatus,
1580 3600 1688 3645 inde
1716 3614 1801 3657 pro
1831 3599 2089 3644 humilitate
2118 3597 2222 3643 fort.

140 3669 209 3715 vel
235 3683 330 3715 non
358 3682 442 3726 pro
473 3669 597 3726 dign.
627 3670 733 3716 fort.
762 3671 866 3715 coni
893 3670 1046 3716 Bur-m
1096 3672 1111 3727 ΙΙ
1159 3687 1190 3725 p
1219 3671 1357 3727 plicu'
1385 3673 1445 3717 N
