2580 4088
322 180 387 227 26
823 184 1074 231 Diluvium.
1119 185 1372 232 Deucalion
1403 193 1448 231 et
1477 187 1664 245 Pyrrha.
1707 188 1904 248 Python.

320 323 510 391 detque
548 325 649 377 sibi
686 326 905 389 veniam,
941 328 1125 396 pavido
1162 331 1309 395 rogat
1346 344 1448 395 ore,
1484 332 1740 398 pavetque

319 408 522 462 laedere
559 408 764 463 iactatis
801 418 1062 465 maternas
1100 414 1303 466 ossibus
1342 413 1571 466 umbraS.

319 494 518 547 interea
552 496 793 562 repetunt
830 497 997 550 caecis
1036 498 1256 550 obscura
1291 495 1504 551 latebris

319 578 477 631 verba
515 578 654 644 deae,
694 581 861 646 sortis,
899 597 1077 634 secum
1113 582 1249 634 inter
1285 597 1443 649 seque
1480 581 1732 638 volutant.

318 663 439 716 inde
476 663 836 718 Promethides
872 666 1090 734 placidis
1129 666 1462 734 Epimethida
1499 667 1652 722 dictis
2341 683 2417 725 390

319 748 517 801 mulcet
553 750 606 800 et
638 743 751 802 ‘aut
788 745 957 803 fallax'
1001 751 1074 804 ait
1107 747 1209 803 ‘est
1247 750 1478 805 sollertia
1513 754 1677 819 nebia

321 835 414 885 aut
450 830 537 900 pia
574 835 698 885 sunt
733 835 1041 902 nullumque
1079 835 1228 889 nefas
1266 837 1474 890 oracula
1511 838 1748 892 suadent.

318 933 512 984 magna
547 933 733 985 parens
772 921 909 972 terra
947 925 1040 984 est,
1076 920 1274 988 lapides
1311 921 1366 973 in
1407 938 1615 991 corpore
1653 925 1820 978 terrae

319 1018 437 1055 ossa
461 1018 575 1055 reor
612 1003 737 1071 dici;
774 1004 941 1058 iacere
978 1005 1073 1058 hos
1109 1007 1227 1073 post
1262 1007 1411 1074 terga
1447 1005 1733 1063 iubemur'.

463 1087 709 1154 Coniugis
747 1090 963 1156 augurio
1002 1106 1323 1158 quamquam
1361 1091 1572 1146 Titania
1607 1097 1750 1148 mota
1786 1099 1878 1160 est,
2348 1106 2421 1148 395

321 1187 439 1239 spes
477 1174 656 1224 tamen
692 1173 749 1225 in
787 1174 943 1228 dubio
981 1178 1090 1228 est:
1130 1176 1258 1230 adeo
1295 1177 1607 1231 caelestibus
1645 1181 1798 1233 ambo

320 1255 564 1309 diffidunt
599 1258 830 1312 monitis,
906 1260 996 1312 sed
1037 1261 1161 1327 quid
1198 1263 1454 1330 temptare
1490 1264 1734 1317 nocebit?

320 1341 594 1394 discedunt
630 1343 911 1412 velantque
950 1347 1109 1414 caput
1145 1346 1454 1415 tunicasque
1491 1348 1767 1416 recingunt

318 1428 371 1477 et
406 1426 576 1479 iussos
613 1427 815 1496 lapides
854 1445 949 1483 sua
985 1433 1103 1499 post
1138 1432 1358 1499 vestigia
1394 1434 1626 1486 mittunt.

321 1526 445 1563 saxa
484 1513 621 1579 (quis
657 1513 758 1566 hoc
797 1515 989 1580 credat,
1027 1515 1130 1568 nisi
1170 1519 1236 1569 sit
1271 1534 1362 1585 pro
1400 1520 1533 1572 teste
1570 1520 1859 1586 vetustaSP)
2343 1531 2419 1572 400

464 1711 546 1752 388
579 1713 729 1753 Seneca
761 1715 843 1764 NQ
883 1716 921 1755 V
935 1713 1064 1760 14,1:
1111 1728 1195 1755 non
1237 1719 1326 1755 tota
1370 1716 1506 1756 solido
1537 1720 1741 1757 contextu
1772 1722 1888 1757 terra
1917 1718 1960 1757 in
1992 1717 2126 1758 imum
2157 1730 2294 1770 usque
2323 1719 2418 1760 sun·

327 1781 468 1831 datur,
500 1783 574 1822 sed
603 1783 753 1823 multis
782 1784 983 1836 partibus
1012 1798 1118 1828 cava
1147 1790 1190 1827 et
1213 1781 1405 1827 ‘caecis
1434 1800 1689 1839 suspensa
1718 1782 1969 1828 latebris’
2003 1786 2074 1842 [cf
2094 1790 2229 1829 Aetna
2262 1786 2360 1843 88].

467 1853 550 1894 390
580 1855 837 1896 Priscianus
857 1858 915 1896 II
933 1854 1015 1898 37:
1040 1849 1235 1908 ιΠηλεὺς
1261 1853 1448 1913 Πηλέως
1477 1850 1709 1913 Pelei'des’3
1740 1863 1782 1899 et
1811 1872 1889 1910 per
1918 1858 2163 1910 synaeresin
2184 1871 2207 1899 e
2227 1859 2361 1899 etiin
2381 1859 2421 1901 ei

322 1922 639 1975 diphthongum
682 1926 909 1976 proferunt
953 1927 1273 1979 paenultimam,
1318 1941 1396 1968 nos
1444 1932 1587 1969 autem
1626 1943 1706 1980 pro
1743 1942 1793 1970 ea
1821 1929 1837 1969 i
1866 1930 2035 1981 longam
2086 1930 2286 1980 ponimus
2323 1962 2333 1971 .
2365 1961 2378 1972 .
2411 1961 2422 1971 .

321 1992 557 2034 Ovidius
587 1996 632 2034 in
662 1996 684 2034 Ι
714 1997 1130 2049 metamorphoseon:
1162 1999 1292 2038 Inde
1324 1997 1469 2053 [Vnde
1499 1996 1604 2054 RH]
1636 2000 2005 2040 Promethides
2036 2001 2308 2052 [prometides
2328 2001 2420 2051 RB]

320 2063 557 2114 placidis
587 2066 934 2117 Epimethida
967 2069 1247 2120 [ephimetida
1276 2071 1330 2120 R]
1360 2069 1534 2111 dictis.

471 2137 615 2187 393341
647 2138 813 2179 Scholia
844 2140 891 2179 in
913 2142 1018 2180 Pers
1045 2144 1116 2181 sat
1141 2143 1205 2182 VI
1218 2140 1270 2182 51
1301 2143 1437 2181 Jahn:
1471 2145 1706 2188 exossam,
1738 2141 1956 2193 lapidibus
1989 2142 2157 2195 plenus,
2187 2141 2418 2181 secundum

326 2220 397 2248 eos
428 2207 504 2258 qui
534 2207 773 2259 diffiniunt,
805 2209 971 2261 lapides
1001 2223 1091 2250 esse
1121 2224 1215 2252 ossa
1245 2215 1396 2262 terrae,
1427 2212 1542 2252 unde
1578 2211 1832 2255 Ovidius:
1856 2204 2085 2264 ‘lapides
2114 2211 2168 2251 in
2199 2224 2421 2264 corpore

321 2283 504 2318 terrae
535 2279 665 2319 Ossa
695 2292 816 2320 reor
845 2276 986 2323 dici'.

467 2351 552 2391 400
568 2365 615 2401 sq
652 2353 944 2402 Respeoeerunt
984 2355 1080 2394 haec
1124 2355 1209 2394 Iuv
1239 2355 1271 2393 I
1314 2352 1370 2394 81
1378 2368 1423 2404 sq
1468 2357 1508 2394 et
1545 2354 1756 2394 Claudius
1791 2354 1967 2394 Marius
2010 2355 2149 2395 Victor
2176 2353 2368 2394 Alethias
2395 2355 2426 2393 Ι

322 2419 503 2469 ,204110
548 2423 734 2470 Schenkl,
775 2425 824 2475 cf
860 2426 1016 2464 Pascal
1051 2426 1239 2466 Letterat
1289 2427 1377 2465 Lat
1419 2425 1581 2465 Mediev
1604 2439 1638 2476 p
1665 2422 1769 2465 169.
1829 2438 1914 2465 ‘non
1952 2425 2087 2465 ‘multo
2116 2426 2218 2475 post
2251 2436 2279 2464 a
2324 2420 2422 2464 425

323 2493 473 2533 obiisse
509 2494 709 2533 Victorem
739 2498 872 2544 putat
900 2496 1087 2536 Schenkl.

463 2645 550 2690 386
577 2646 740 2691 timido
773 2653 909 2704 rogat
941 2661 1033 2701 ore,
1065 2647 1254 2704 paventi
1284 2647 1360 2692 Hs
1393 2649 1409 2703 ΙΙ
1446 2648 1668 2706 timetque
1710 2660 1758 2694 cc
1773 2645 1874 2692 Voss
1918 2650 1964 2692 et
1995 2646 2150 2700 Sonat,
2195 2651 2422 2704 cavetque

327 2714 583 2760 Gronovius
628 2721 674 2762 ct
718 2719 788 2775 (ef
807 2719 863 2762 ed
891 2718 1046 2763 Burm
1069 2733 1107 2774 p
1140 2719 1271 2771 1094)
1318 2718 1621 2775 C'apoferreus
1790 2717 1875 2762 387
1919 2723 2146 2762 maternas
2187 2717 2366 2762 iactatis
2393 2731 2422 2774 ς

321 2786 409 2831 388
439 2787 672 2844 caecisque
708 2803 734 2833 ε
765 2791 804 2833 h
833 2802 869 2844 9
900 2804 927 2845 ς
957 2790 1161 2846 cetisque
1191 2791 1211 2833 l
1255 2790 1400 2834 caecis
1437 2802 1657 2846 suspensa
1687 2787 1853 2832 Seneca
2023 2787 2111 2834 389
2139 2787 2252 2832 deae
2286 2786 2424 2833 sortis

321 2858 468 2913 recepi
497 2862 567 2911 (ut
596 2859 732 2904 sortis
760 2861 824 2906 sit
850 2865 996 2913 accus)
1027 2875 1084 2904 ex
1114 2874 1154 2914 ε,
1185 2860 1271 2921 dee
1300 2866 1446 2905 sortes
1474 2861 1548 2904 M
1570 2858 1759 2913 cMedic‚
1789 2858 1940 2912 d(atae
1968 2858 2032 2902 ir
2060 2858 2152 2912 φη2)
2199 2857 2337 2903 sortis
2365 2858 2426 2902 N

324 2928 458 2972 datae
489 2930 623 2974 sortis
655 2931 707 2986 ς*
733 2932 769 2983 Ι·
791 2946 818 2987 ς
850 2950 886 2973 ω
917 2931 1051 2988 vulgo
1194 2931 1282 2976 390
1313 2931 1427 2975 Inde
1465 2929 1775 2987 promethides
1812 2928 2002 2985 placidis
2041 2941 2111 2985 ep.
2147 2927 2281 2972 dictis
2315 2942 2344 2984 ς
2383 2945 2421 2970 ω

321 2998 593 3044 Priscianus
625 3004 668 3045 et
697 3002 856 3054 (ἔνθεν
887 3006 912 3044 ὁ
941 2999 1285 3060 Προμηθείδης)
1314 3002 1452 3056 Plan,
1492 3001 1610 3046 Hinc
1637 2999 1948 3058 promethides
1977 3013 2005 3044 ε
2038 2998 2084 3042 O
2114 3000 2152 3043 h
2187 2999 2208 3042 l
2237 3012 2266 3054 ς
2307 2996 2423 3043 Inde

322 3069 660 3124 promethiades
691 3086 718 3127 ς
747 3071 877 3116 Jahn
921 3071 1035 3116 Inde
1066 3071 1428 3130 promechyades
1459 3084 1488 3115 e
1522 3073 1540 3125 ΙΙ
1577 3070 1767 3127 placidis
1803 3069 1938 3114 Prisc
1974 3070 2035 3114 N
2057 3070 2107 3125 ς*
2135 3081 2197 3112 ‘m
2225 3082 2254 3124 ς
2296 3067 2422 3112 Plan

322 3140 640 3198 placidamque
669 3156 695 3186 ε
724 3143 797 3186 Μ
825 3142 841 3198 ΙΙ
878 3142 1184 3198 prometthida
1213 3157 1240 3188 ε
1277 3141 1620 3198 promotheides
1651 3140 1876 3245 placida&
1912 3139 2159 3197 epimetida
2181 3139 2219 3191 f
2247 3139 2263 3194 ΙΙ
2301 3137 2423 3183 unde

1778 3220 1826 3245 au

323 3253 640 3299 Promethides
660 3268 716 3298 ex
731 3254 842 3298 codd
857 3253 962 3298 RH
970 3254 1204 3299 Prisciani
1217 3254 1397 3299 Merkel
1480 3254 1566 3300 391
1588 3253 1755 3298 Mulcet
1786 3256 1826 3303 ll
1858 3255 1918 3303 ΙΝ
1948 3251 2089 3297 fallax
2120 3254 2212 3301 alst
2240 3249 2423 3303 (Mulcet

326 3372 373 3411 et
414 3367 479 3411 ait
506 3366 648 3411 fallax
688 3372 768 3411 aut
804 3366 902 3422 fort
929 3366 1046 3422 fuit)
1086 3371 1155 3411 est
1191 3324 1380 3412 glo-zlertia
1411 3368 1457 3421 (o
1486 3367 1562 3419 ir,
1592 3364 1793 3410 sollertia
1821 3364 1842 3408 i
1858 3377 1933 3420 ‘my
1961 3365 2094 3408 adscr
2122 3378 2168 3408 m
2187 3363 2234 3417 2)
2251 3364 2324 3408 Μ
2348 3375 2422 3408 so·

326 3437 462 3483 lercia
482 3440 519 3483 h
551 3439 571 3481 l
602 3441 626 3492 ἢ
651 3434 833 3494 ψευδής,
865 3438 1009 3491 εἶπεν,
1039 3440 1150 3492 ἡμῖν
1180 3441 1308 3483 ἐστὶν
1340 3442 1364 3480 ὁ
1396 3441 1542 3495 φόβος
1566 3436 1691 3490 Plan
1833 3434 1920 3479 392
1947 3434 2044 3487 A(u
2065 3433 2263 3479 inseruit
2289 3446 2337 3477 m
2355 3431 2424 3485 2)t

325 3509 403 3564 pia
422 3534 477 3540 —
498 3508 672 3564 nephas
691 3508 763 3551 M
795 3507 812 3564 ss
848 3511 928 3551 aut
956 3507 1048 3564 (pia
1086 3513 1262 3552 sunt—
1284 3508 1493 3563 suadent)
1535 3519 1703 3563 magna
1737 3518 1782 3561 p.
1806 3507 1917 3560 post
1943 3504 2165 3550 Jacobwm
2207 3518 2237 3548 a
2282 3502 2424 3548 emme

323 3579 504 3624 distinct:
523 3578 719 3623 Ehwald
833 3578 918 3624 397
948 3577 1132 3623 nocebit
1150 3579 1222 3623 M
1238 3581 1275 3623 h
1292 3578 1328 3631 f
1341 3579 1382 3622 l³
1411 3593 1438 3635 ς
1466 3576 1663 3623 nocebat
1691 3589 1718 3621 ε
1738 3576 1799 3620 Ν
1822 3577 1870 3631 ς*
1902 3589 1929 3630 ς
1949 3575 1996 3621 R
2107 3574 2194 3621 398
2221 3573 2421 3621 Descen-

326 3648 440 3693 dunt
470 3650 628 3706 (cf381
651 3649 747 3692 III
765 3648 841 3704 14)
871 3649 944 3692 Μ
969 3660 998 3692 e
1029 3663 1056 3704 ς
1085 3649 1160 3693 Hs
1189 3649 1327 3705 vulyo
1356 3649 1466 3693 olim
1578 3647 1666 3694 399
1694 3647 1819 3691 iusso
1850 3659 1876 3690 ε
