2580 4088
415 231 517 279 628

554 378 774 428 Servata
828 379 959 426 sunt
1010 379 1330 440 aryumenta
1378 390 1564 425 earum
1607 376 1943 439 fabularum,
2002 390 2141 437 quae
2187 377 2510 425 enarrantur

414 464 564 512 libris
600 463 832 512 I—XIV
861 462 1387 524 metamorphoseon,
1436 462 1723 510 coniuncta
1773 475 1895 510 cum
1944 462 2089 510 textu
2133 459 2399 510 Ovidiano
2449 461 2504 509 in

416 563 477 598 ea
514 549 683 598 classe
723 549 999 607 librorum,
1040 561 1203 608 quam
1242 547 1429 595 notavi
1462 547 1603 610 siylo
1645 545 1695 596 0
1729 544 1813 609 (cf
1840 546 2009 595 huius
2045 546 2115 595 ed
2145 561 2183 608 p
2220 544 2291 606 1).

556 634 636 682 Ac
670 635 908 695 primum
950 633 1166 693 quidem
1207 631 1296 680 illa
1322 633 1539 680 exstant
1563 633 1619 680 in
1656 632 1841 681 codice
1875 632 2205 681 Marciano
2241 630 2504 680 Floren-

329 719 390 769 M
419 720 561 767 tino
598 718 706 766 225
740 715 849 779 (M)
884 731 1006 766 saec
1042 717 1128 765 XI
1158 718 1374 779 scripto.
1438 717 1672 780 sin9ulis
1729 719 1909 766 autem
1956 717 2210 766 carminis
2257 715 2509 766 Ovidiani

415 804 566 853 libris
597 803 885 865 praemissi
918 804 1063 862 sunt,
1113 802 1280 850 rubro
1316 803 1622 851 atramento
1669 803 1871 864 scripti,
1909 802 2151 851 numeris
2183 800 2506 863 plerumque

414 888 668 947 distincti,
718 888 974 936 continua
1018 888 1170 947 serie,
1219 888 1362 936 sicut
1396 889 1636 949 expressi
1672 889 1727 936 in
1765 888 2014 947 editione,
2062 886 2206 935 tituli
2241 886 2502 945 omnium,

416 987 555 1034 quae
589 972 663 1021 ad
684 972 932 1034 sinqulos
959 972 1126 1021 libros
1156 971 1336 1021 Ovidii
1357 973 1647 1033 pertinent,
1685 974 2146 1035 aryumentorum.
2184 972 2350 1032 atque
2387 971 2503 1032 ipsa

413 1059 748 1120 argumenta,
789 1057 960 1105 titulis
980 1057 1305 1120 plerumque
1341 1059 1595 1120 repetitis,
1633 1058 1703 1107 ab
1729 1058 1914 1107 eadem
1946 1058 2125 1120 prima
2162 1070 2329 1105 manu
2368 1056 2509 1104 inter

415 1143 617 1191 textum
689 1143 944 1190 carminis
1014 1144 1214 1205 scripta
1276 1144 1419 1192 iusto
1486 1143 1630 1204 loco,
1687 1144 1797 1192 nisi
1840 1143 1984 1206 forte
2043 1142 2240 1191 erravit
2308 1139 2502 1199 scriba,

409 1226 728 1289 praecedere
763 1226 941 1275 solent
964 1241 1072 1287 eas,
1110 1228 1185 1276 ad
1211 1241 1349 1289 quas
1373 1229 1634 1290 spectant,
1666 1226 1888 1291 fabulas
1927 1226 2233 1276 Ouidianas.
2298 1223 2506 1275 contuli

414 1311 677 1360 adhibitis
717 1311 937 1374 Georyii
971 1312 1198 1362 Knaack
1234 1312 1468 1362 schedis.

330 1396 389 1446 N
557 1397 622 1445 In
674 1397 855 1446 codice
901 1397 1337 1460 Neapolitano
1374 1398 1458 1447 IV
1486 1398 1587 1447 Fs
1624 1396 1714 1460 (N,
1753 1412 1875 1447 saec
1911 1394 2014 1460 XI)
2049 1397 2370 1460 argumenta
2406 1394 2504 1444 ad-

413 1483 611 1545 scripta
649 1498 680 1532 a
718 1498 885 1533 manu
906 1485 1084 1546 prima
1111 1486 1326 1534 exstant
1351 1486 1407 1533 in
1434 1485 1694 1548 maryine,
1734 1484 1889 1533 lineis
1912 1485 2010 1533 aut
2032 1483 2212 1532 rubris
2246 1482 2344 1530 aut
2380 1480 2504 1529 viri-

416 1568 576 1616 dibus
602 1569 791 1628 cincta,
819 1570 944 1617 item
973 1570 1205 1619 initiales
1229 1570 1394 1619 rubro
1415 1571 1594 1632 pictae
1617 1571 1762 1619 sunt.
1812 1570 1977 1619 series
2002 1568 2124 1618 illae
2144 1567 2422 1616 titulorum
2449 1565 2505 1613 in

406 1653 684 1717 frontibus
702 1654 1043 1716 singulorum
1075 1655 1337 1704 librorum
1361 1655 1651 1705 collocatae
1670 1669 1769 1704 nec
1798 1655 1982 1704 minus
2000 1654 2144 1703 tituli
2167 1653 2504 1714 numerique,

418 1751 556 1799 quos
568 1738 801 1800 sin9ulis
818 1742 1154 1802 aryumentis
1167 1742 1508 1803 praepositos
1523 1755 1640 1790 esse
1661 1740 1895 1789 vidimus
1912 1741 1966 1788 in
1986 1739 2065 1800 M,
2080 1739 2171 1788 hic
2184 1738 2508 1802 plerumque

418 1823 803 1872 desiderantur.
854 1823 913 1872 N
945 1827 1006 1873 ut
1040 1826 1227 1874 multis
1265 1826 1397 1875 locis
1443 1827 1798 1888 interpolatus
1845 1826 1981 1896 libro
2018 1825 2301 1874 Marciano
2347 1823 2508 1886 longe

417 1909 499 1956 est
524 1908 757 1970 inferior.
799 1910 1028 1958 contulit
1054 1911 1341 1960 GKnaack.
1383 1913 1439 1959 in
1468 1913 1697 1972 utroque
1721 1911 1902 1960 codice
1921 1910 2113 1974 fabula
2136 1910 2206 1958 19
2232 1909 2357 1958 libri
2378 1907 2515 1957 XIV

413 1994 688 2054 postrema
727 1996 842 2043 est:
877 1997 930 2043 et
962 1995 1098 2044 liber
1119 1996 1226 2045 XV
1256 1997 1511 2046 carminis
1547 1999 1601 2045 et
1635 1997 1752 2045 eius
1789 1997 2108 2059 aryumenta
2141 1995 2433 2058 perierunt.

557 2077 838 2128 Accedunt
880 2082 986 2129 tres
1032 2081 1242 2130 codices
1287 2082 1537 2143 mutilati,
1577 2083 1687 2143 qui,
1745 2096 1867 2130 cum
1904 2081 1981 2130 ibi
2020 2081 2340 2144 argumenta
2379 2080 2505 2128 item

419 2163 559 2211 inter
593 2177 779 2212 versus
819 2164 1113 2215 Ovidianos
1134 2168 1315 2229 posita
1359 2168 1486 2227 sint,
1535 2167 1707 2216 eidem
1753 2167 1914 2215 classi
1950 2166 2223 2215 tribuendi
2256 2165 2389 2214 sunt
2422 2166 2506 2214 at-

420 2261 525 2308 que
560 2247 622 2296 M
659 2247 726 2297 N.

357 2333 395 2398 β
560 2333 1010 2396 ΡΓ39ηι6ηΐιιιη
1069 2336 1479 2386 Londinense
1525 2338 1734 2386 Musei
1786 2336 2151 2387 Britannici
2197 2335 2374 2384 11967
2412 2331 2506 2395 (β).

416 2432 539 2467 3366
574 2418 641 2466 X.
730 2420 918 2468 insunt
953 2423 1083 2483 post
1125 2423 1316 2470 seriem
1363 2423 1643 2472 titulorum
1684 2423 1808 2471 libri
1841 2423 1930 2472 III
1971 2419 2076 2473 Izae
2113 2420 2337 2485 fabulae
2385 2433 2508 2469 cum

416 2501 532 2548 suis
581 2500 750 2549 titulis
793 2503 847 2550 et
900 2504 1141 2551 numeris
1174 2503 1263 2551 III
1296 2504 1437 2552 1—6
1483 2506 1538 2553 et
1584 2504 1774 2553 titulus
1804 2505 2027 2568 fabulae
2054 2507 2085 2553 7
2126 2503 2268 2569 (ipsa
2317 2505 2508 2569 fabula

413 2582 611 2646 periit).
652 2611 715 2618 -—
755 2585 837 2634 IV
855 2585 1082 2633 12—20.
1110 2610 1182 2618 —-
1213 2585 1261 2633 V
1279 2587 1410 2647 post
1444 2587 1635 2635 seriem
1675 2586 1953 2635 titulorum
1991 2589 2205 2637 exstant
2232 2588 2332 2652 fab
2368 2586 2511 2636 1-5

419 2670 453 2717 9
490 2670 575 2718 10.
618 2697 681 2703 -
726 2671 800 2719 VI
833 2672 963 2732 post
1007 2671 1198 2719 seriem
1252 2671 1533 2720 titulorum
1583 2673 1797 2721 exstant
1837 2672 1936 2735 fab
1981 2667 2182 2722 1—6l7
2203 2664 2403 2734 ‘usque
2437 2671 2513 2721 ad

421 2768 601 2803 vocem
641 2755 965 2804 sacrificium
997 2771 1038 2818 p
1065 2755 1187 2816 665,
1226 2756 1276 2804 2.
1324 2755 1363 2820 β
1400 2759 1483 2806 est
1523 2757 1659 2806 libro
1695 2757 1973 2807 Marciano
2009 2758 2335 2808 simillimus.
2400 2758 2509 2808 col-

421 2839 673 2888 lationem
711 2854 867 2889 suam
909 2840 1140 2903 beniyne
1177 2840 1319 2889 mihi
1358 2843 1727 2904 suppeditavit
1761 2842 1960 2891 REllis.

357 2938 405 2973 π
564 2925 1011 2986 Fraymentum
1050 2926 1417 2974 Parisinum
1457 2927 1648 2976 12246.
1698 2941 1820 2976 saec
1857 2925 2041 2990 Χ(π).
2101 2929 2290 2977 insunt
2325 2928 2451 2977 libri
2481 2928 2510 2976 I

414 3008 512 3070 fab
538 3009 679 3057 3-6
705 3023 826 3058 cum
864 3011 980 3059 suis
1024 3011 1209 3059 titulis.
1311 3011 1594 3074 descripsit
1646 3026 1738 3061 eas
1795 3013 1850 3060 in
1889 3014 2058 3075 journ
2107 3013 2167 3076 os
2194 3012 2275 3076 ph
2303 3013 2410 3062 XV
2437 3013 2509 3061 30

417 3108 456 3155 p
482 3093 662 3154 242sq
699 3094 898 3143 REllis.

362 3193 397 3226 κ
565 3179 1014 3242 Ρν391η6ηΐιιιη
1041 3181 1415 3230 Hauniense
1442 3181 1550 3244 (Ny
1569 3182 1664 3245 1291
1686 3182 1839 3231 Saml
1861 3181 1937 3231 20.
1975 3180 2068 3244 55)
2092 3203 2162 3222 =
2188 3197 2241 3232 κ.
2280 3184 2363 3231 est
2385 3196 2508 3232 saec

421 3262 534 3310 XII
564 3265 822 3312 exeuntis.
870 3267 924 3313 et
959 3266 1238 3315 titulorum
1265 3267 1445 3326 serieS,
1482 3281 1645 3328 quam
1683 3267 1850 3316 habet
1883 3267 1945 3316 M
1985 3269 2039 3315 in
2071 3268 2254 3330 fronte
2291 3267 2416 3316 libri
2437 3268 2506 3328 X,

422 3349 475 3395 et
523 3347 666 3396 tituli
714 3351 1033 3411 numerique
1079 3351 1313 3414 sinyulis
1360 3351 1568 3414 fabulis
1617 3353 1671 3400 in
1709 3351 1771 3400 M
1804 3352 2101 3414 praepositi
2136 3351 2511 3401 desiderantur

425 3433 478 3479 in
518 3447 569 3479 κ.
600 3459 663 3465 -
706 3434 893 3483 insunt
918 3435 1042 3483 libri
1065 3436 1150 3484 IX
1175 3436 1275 3499 fab
1310 3432 1403 3485 677
1449 3437 1669 3486 nomine
1693 3436 1993 3500 Amphison
2029 3437 2104 3485 ad
2121 3437 2287 3500 finem
2326 3439 2382 3487 et
2407 3437 2507 3500 fab

423 3516 458 3562 8
482 3517 515 3563 9
552 3517 636 3576 10,
676 3518 799 3566 item
838 3518 894 3566 X
910 3519 1009 3581 fab
1048 3520 1241 3568 1—12.
1286 3547 1349 3554 —
1391 3521 1610 3570 contuli.

564 3601 898 3663 Aryumenta
928 3604 1053 3652 libri
1070 3605 1177 3653 XV
1198 3606 1253 3653 in
1275 3605 1366 3654 his
1386 3606 1663 3655 codicibus
1680 3605 1917 3654 melioris
1936 3607 1989 3654 et
2005 3607 2329 3668 antiquioris
2347 3608 2508 3656 notae

425 3683 712 3744 deperdita,
753 3700 873 3735 cum
914 3689 1028 3749 ipse
1077 3690 1229 3738 libris
1275 3704 1442 3739 manu
1481 3691 1695 3751 scriptis
1725 3690 1890 3752 plane
1925 3693 2066 3739 esset
2100 3691 2405 3751 destitutus,
2442 3705 2509 3741 ex
