<?xml version="1.0" encoding="UTF-8"?>
<!DOCTYPE html PUBLIC "-//W3C//DTD XHTML 1.0 Transitional//EN"
    "http://www.w3.org/TR/xhtml1/DTD/xhtml1-transitional.dtd">
<html xmlns="http://www.w3.org/1999/xhtml" xml:lang="en" lang="en">
 <head>
  <title>
</title>
<meta http-equiv="Content-Type" content="text/html;charset=utf-8" />
  <meta name='ocr-system' content='tesseract 3.04.00' />
  <meta name='ocr-capabilities' content='ocr_page ocr_carea ocr_par ocr_line ocrx_word'/>
</head>
<body>
  <div class='ocr_page' id='page_1' title='image "./metamorphoseonli00oviduoft/metamorphoseonli00oviduoft_0690.png"; bbox 0 0 2580 4088; ppageno 0'>
   <div class='ocr_carea' id='block_1_1' title="bbox 327 254 1899 311">
    <p class='ocr_par' dir='ltr' id='par_1_1' title="bbox 327 254 1899 311">
     <span class='ocr_line' id='line_1_1' title="bbox 327 254 1899 311; baseline -0.003 -7"><span class='ocrx_word' id='word_1_1' title='bbox 327 256 431 304; x_wconf 82' lang='lat'>652</span> <span class='ocrx_word' id='word_1_2' title='bbox 852 256 1076 301; x_wconf 85' lang='lat' dir='ltr'>Lactantii</span> <span class='ocrx_word' id='word_1_3' title='bbox 1104 255 1277 300; x_wconf 84' lang='lat' dir='ltr'>Placidi</span> <span class='ocrx_word' id='word_1_4' title='bbox 1309 255 1387 311; x_wconf 88' lang='lat' dir='ltr'>qui</span> <span class='ocrx_word' id='word_1_5' title='bbox 1418 254 1580 300; x_wconf 86' lang='lat' dir='ltr'>dicitur</span> <span class='ocrx_word' id='word_1_6' title='bbox 1606 255 1899 301; x_wconf 80' lang='lat' dir='ltr'>narrationes,</span> 
     </span>
    </p>
   </div>
   <div class='ocr_carea' id='block_1_2' title="bbox 2449 0 2577 486">
    <p class='ocr_par' dir='ltr' id='par_1_2' title="bbox 2449 0 2577 486">
     <span class='ocr_line' id='line_1_2' title="bbox 2449 0 2577 486; baseline 0 3602"><span class='ocrx_word' id='word_1_7' title='bbox 2449 0 2577 486; x_wconf 95' lang='lat' dir='ltr'> </span> 
     </span>
    </p>
   </div>
   <div class='ocr_carea' id='block_1_3' title="bbox 119 398 2481 1064">
    <p class='ocr_par' dir='ltr' id='par_1_3' title="bbox 327 398 2418 554">
     <span class='ocr_line' id='line_1_3' title="bbox 327 398 2418 468; baseline 0 -15"><span class='ocrx_word' id='word_1_8' title='bbox 327 402 485 468; x_wconf 82' lang='lat' dir='ltr'>caput</span> <span class='ocrx_word' id='word_1_9' title='bbox 523 399 777 467; x_wconf 81' lang='lat' dir='ltr'>Gorgonis</span> <span class='ocrx_word' id='word_1_10' title='bbox 825 399 1072 467; x_wconf 83' lang='lat' dir='ltr'>laederet,</span> <span class='ocrx_word' id='word_1_11' title='bbox 1126 398 1354 464; x_wconf 84' lang='lat' dir='ltr'>virgulas</span> <span class='ocrx_word' id='word_1_12' title='bbox 1403 398 1567 451; x_wconf 81' lang='lat' dir='ltr'>lectas</span> <span class='ocrx_word' id='word_1_13' title='bbox 1621 398 1677 450; x_wconf 92' lang='lat' dir='ltr'>in</span> <span class='ocrx_word' id='word_1_14' title='bbox 1727 399 1876 452; x_wconf 89' lang='lat' dir='ltr'>litore</span> <span class='ocrx_word' id='word_1_15' title='bbox 1922 399 2160 453; x_wconf 77' lang='lat' dir='ltr'>subiecit.</span> <span class='ocrx_word' id='word_1_16' title='bbox 2223 401 2276 453; x_wconf 87' lang='lat' dir='ltr'>et</span> <span class='ocrx_word' id='word_1_17' title='bbox 2317 399 2418 453; x_wconf 75' lang='lat' dir='ltr'>hae</span> 
     </span>
     <span class='ocr_line' id='line_1_4' title="bbox 327 482 2418 554; baseline -0 -16"><span class='ocrx_word' id='word_1_18' title='bbox 327 500 482 554; x_wconf 89' lang='lat' dir='ltr'>super</span> <span class='ocrx_word' id='word_1_19' title='bbox 517 484 881 548; x_wconf 87' lang='lat' dir='ltr'>induruerunt,</span> <span class='ocrx_word' id='word_1_20' title='bbox 916 485 991 536; x_wconf 89' lang='lat' dir='ltr'>ita</span> <span class='ocrx_word' id='word_1_21' title='bbox 1027 486 1088 536; x_wconf 94' lang='lat' dir='ltr'>ut</span> <span class='ocrx_word' id='word_1_22' title='bbox 1125 483 1325 550; x_wconf 76' lang='lat' dir='ltr'>adeptis</span> <span class='ocrx_word' id='word_1_23' title='bbox 1361 482 1622 536; x_wconf 78' lang='lat' dir='ltr'>radicibus</span> <span class='ocrx_word' id='word_1_24' title='bbox 1661 483 1933 551; x_wconf 86' lang='lat' dir='ltr'>sanguinei</span> <span class='ocrx_word' id='word_1_25' title='bbox 1968 485 2151 538; x_wconf 81' lang='lat' dir='ltr'>eoloris</span> <span class='ocrx_word' id='word_1_26' title='bbox 2187 484 2322 538; x_wconf 81' lang='lat' dir='ltr'>mari</span> <span class='ocrx_word' id='word_1_27' title='bbox 2355 485 2418 537; x_wconf 89' lang='lat' dir='ltr'>ut</span> 
     </span>
    </p>

    <p class='ocr_par' dir='ltr' id='par_1_4' title="bbox 119 567 2481 1064">
     <span class='ocr_line' id='line_1_5' title="bbox 119 567 2419 636; baseline 0.002 -18"><span class='ocrx_word' id='word_1_28' title='bbox 119 579 202 630; x_wconf 77' lang='lat' dir='ltr'>sab</span> <span class='ocrx_word' id='word_1_29' title='bbox 231 576 301 619; x_wconf 77' lang='lat'>20</span> <span class='ocrx_word' id='word_1_30' title='bbox 332 570 638 623; x_wconf 78' lang='lat' dir='ltr'><strong>arbusculae</strong></span> <span class='ocrx_word' id='word_1_31' title='bbox 675 570 1033 633; x_wconf 83' lang='lat' dir='ltr'>nascerentur,</span> <span class='ocrx_word' id='word_1_32' title='bbox 1072 583 1202 636; x_wconf 86' lang='lat' dir='ltr'>quae</span> <span class='ocrx_word' id='word_1_33' title='bbox 1239 582 1430 619; x_wconf 88' lang='lat' dir='ltr'>nomen</span> <span class='ocrx_word' id='word_1_34' title='bbox 1467 567 1719 620; x_wconf 83' lang='lat' dir='ltr'>haberent</span> <span class='ocrx_word' id='word_1_35' title='bbox 1755 568 2010 621; x_wconf 79' lang='lat' dir='ltr'>curalium</span> <span class='ocrx_word' id='word_1_36' title='bbox 2199 567 2419 624; x_wconf 78' lang='lat' dir='ltr'>Medusa</span> 
     </span>
     <span class='ocr_line' id='line_1_6' title="bbox 328 651 2415 722; baseline 0 -15"><span class='ocrx_word' id='word_1_37' title='bbox 328 653 501 722; x_wconf 81' lang='lat' dir='ltr'>Gorgo</span> <span class='ocrx_word' id='word_1_38' title='bbox 546 670 666 707; x_wconf 83' lang='lat' dir='ltr'>oum</span> <span class='ocrx_word' id='word_1_39' title='bbox 711 654 918 721; x_wconf 88' lang='lat' dir='ltr'>propter</span> <span class='ocrx_word' id='word_1_40' title='bbox 963 651 1405 721; x_wconf 79' lang='lat' dir='ltr'>pulchritudinem</span> <span class='ocrx_word' id='word_1_41' title='bbox 1442 667 1474 704; x_wconf 86' lang='lat' dir='ltr'>a</span> <span class='ocrx_word' id='word_1_42' title='bbox 1507 652 1743 719; x_wconf 90' lang='lat' dir='ltr'>pluribus</span> <span class='ocrx_word' id='word_1_43' title='bbox 1779 654 2062 721; x_wconf 84' lang='lat' dir='ltr'>peteretur,</span> <span class='ocrx_word' id='word_1_44' title='bbox 2116 653 2415 721; x_wconf 79' lang='lat' dir='ltr'>coniugium</span> 
     </span>
     <span class='ocr_line' id='line_1_7' title="bbox 329 737 2481 807; baseline -0.001 -15"><span class='ocrx_word' id='word_1_45' title='bbox 329 739 560 807; x_wconf 80' lang='lat' dir='ltr'>Neptuni</span> <span class='ocrx_word' id='word_1_46' title='bbox 598 737 822 805; x_wconf 87' lang='lat' dir='ltr'>effugere</span> <span class='ocrx_word' id='word_1_47' title='bbox 858 753 962 790; x_wconf 88' lang='lat' dir='ltr'>non</span> <span class='ocrx_word' id='word_1_48' title='bbox 999 738 1181 805; x_wconf 86' lang='lat' dir='ltr'>potuit.</span> <span class='ocrx_word' id='word_1_49' title='bbox 1237 752 1369 804; x_wconf 83' lang='lat' dir='ltr'>quae</span> <span class='ocrx_word' id='word_1_50' title='bbox 1407 737 1545 804; x_wconf 89' lang='lat' dir='ltr'>quod</span> <span class='ocrx_word' id='word_1_51' title='bbox 1581 737 1637 789; x_wconf 95' lang='lat' dir='ltr'>in</span> <span class='ocrx_word' id='word_1_52' title='bbox 1672 738 1869 806; x_wconf 88' lang='lat' dir='ltr'>templo</span> <span class='ocrx_word' id='word_1_53' title='bbox 1900 738 2164 792; x_wconf 79' lang='lat' dir='ltr'>Minervae</span> <span class='ocrx_word' id='word_1_54' title='bbox 2202 754 2324 792; x_wconf 79' lang='lat' dir='ltr'>cum</span> <span class='ocrx_word' id='word_1_55' title='bbox 2358 753 2419 792; x_wconf 86' lang='lat' dir='ltr'>eo</span> <span class='ocrx_word' id='word_1_56' title='bbox 2453 748 2481 789; x_wconf 77' lang='lat'><strong>5</strong></span> 
     </span>
     <span class='ocr_line' id='line_1_8' title="bbox 329 822 2420 891; baseline -0.001 -14"><span class='ocrx_word' id='word_1_57' title='bbox 329 824 629 887; x_wconf 78' lang='lat' dir='ltr'>concubuit,</span> <span class='ocrx_word' id='word_1_58' title='bbox 684 823 890 891; x_wconf 86' lang='lat' dir='ltr'>propter</span> <span class='ocrx_word' id='word_1_59' title='bbox 931 823 1234 889; x_wconf 84' lang='lat' dir='ltr'>religionem</span> <span class='ocrx_word' id='word_1_60' title='bbox 1277 822 1402 884; x_wconf 80' lang='lat' dir='ltr'>loci,</span> <span class='ocrx_word' id='word_1_61' title='bbox 1454 837 1612 889; x_wconf 84' lang='lat' dir='ltr'>quam</span> <span class='ocrx_word' id='word_1_62' title='bbox 1657 822 1961 888; x_wconf 87' lang='lat' dir='ltr'>obtriverat,</span> <span class='ocrx_word' id='word_1_63' title='bbox 2011 824 2179 877; x_wconf 79' lang='lat' dir='ltr'>crines</span> <span class='ocrx_word' id='word_1_64' title='bbox 2216 822 2328 876; x_wconf 86' lang='lat' dir='ltr'>eius</span> <span class='ocrx_word' id='word_1_65' title='bbox 2362 822 2420 875; x_wconf 93' lang='lat' dir='ltr'>in</span> 
     </span>
     <span class='ocr_line' id='line_1_9' title="bbox 329 906 2418 977; baseline -0 -16"><span class='ocrx_word' id='word_1_66' title='bbox 329 910 592 976; x_wconf 85' lang='lat' dir='ltr'>serpentes</span> <span class='ocrx_word' id='word_1_67' title='bbox 630 908 694 960; x_wconf 82' lang='lat' dir='ltr'>ab</span> <span class='ocrx_word' id='word_1_68' title='bbox 733 907 915 960; x_wconf 88' lang='lat' dir='ltr'>eadem</span> <span class='ocrx_word' id='word_1_69' title='bbox 953 907 1050 959; x_wconf 83' lang='lat' dir='ltr'>dea</span> <span class='ocrx_word' id='word_1_70' title='bbox 1086 909 1211 959; x_wconf 88' lang='lat' dir='ltr'>sunt</span> <span class='ocrx_word' id='word_1_71' title='bbox 1245 906 1449 976; x_wconf 84' lang='lat' dir='ltr'>mutati,</span> <span class='ocrx_word' id='word_1_72' title='bbox 1485 908 1559 971; x_wconf 89' lang='lat' dir='ltr'>ut,</span> <span class='ocrx_word' id='word_1_73' title='bbox 1597 922 1728 974; x_wconf 86' lang='lat' dir='ltr'>quae</span> <span class='ocrx_word' id='word_1_74' title='bbox 1764 907 1928 976; x_wconf 83' lang='lat' dir='ltr'>petita</span> <span class='ocrx_word' id='word_1_75' title='bbox 1951 908 2101 961; x_wconf 90' lang='lat' dir='ltr'>initio</span> <span class='ocrx_word' id='word_1_76' title='bbox 2126 923 2158 961; x_wconf 92' lang='grc'><strong>3</strong></span> <span class='ocrx_word' id='word_1_77' title='bbox 2180 907 2418 977; x_wconf 86' lang='lat' dir='ltr'>plurimis</span> 
     </span>
     <span class='ocr_line' id='line_1_10' title="bbox 328 991 2084 1064; baseline 0 -18"><span class='ocrx_word' id='word_1_78' title='bbox 328 994 496 1064; x_wconf 78' lang='lat' dir='ltr'>procis</span> <span class='ocrx_word' id='word_1_79' title='bbox 533 995 684 1060; x_wconf 88' lang='lat' dir='ltr'>esset,</span> <span class='ocrx_word' id='word_1_80' title='bbox 724 993 928 1045; x_wconf 83' lang='lat' dir='ltr'>obieeta</span> <span class='ocrx_word' id='word_1_81' title='bbox 965 992 1290 1045; x_wconf 81' lang='lat' dir='ltr'>deformitate</span> <span class='ocrx_word' id='word_1_82' title='bbox 1328 992 1503 1046; x_wconf 87' lang='lat' dir='ltr'>obvios</span> <span class='ocrx_word' id='word_1_83' title='bbox 1540 993 1595 1044; x_wconf 91' lang='lat' dir='ltr'>in</span> <span class='ocrx_word' id='word_1_84' title='bbox 1631 991 1812 1060; x_wconf 86' lang='lat' dir='ltr'>fugam</span> <span class='ocrx_word' id='word_1_85' title='bbox 1849 994 2084 1047; x_wconf 87' lang='lat' dir='ltr'>verteret.</span> 
     </span>
    </p>
   </div>
   <div class='ocr_carea' id='block_1_4' title="bbox 328 1159 2426 1716">
    <p class='ocr_par' dir='ltr' id='par_1_5' title="bbox 329 1159 2418 1289">
     <span class='ocr_line' id='line_1_11' title="bbox 469 1159 2418 1218; baseline -0.001 -12"><span class='ocrx_word' id='word_1_86' title='bbox 469 1164 497 1206; x_wconf 95' lang='grc'><strong>1</strong></span> <span class='ocrx_word' id='word_1_87' title='bbox 527 1167 573 1206; x_wconf 91' lang='lat' dir='ltr'>et</span> <span class='ocrx_word' id='word_1_88' title='bbox 600 1161 671 1205; x_wconf 91' lang='lat' dir='ltr'>his</span> <span class='ocrx_word' id='word_1_89' title='bbox 700 1162 754 1205; x_wconf 89' lang='lat' dir='ltr'><strong><em>N</em></strong></span> <span class='ocrx_word' id='word_1_90' title='bbox 838 1160 867 1204; x_wconf 79' lang='lat'><strong>2</strong></span> <span class='ocrx_word' id='word_1_91' title='bbox 895 1172 1031 1216; x_wconf 90' lang='lat' dir='ltr'>super</span> <span class='ocrx_word' id='word_1_92' title='bbox 1060 1163 1170 1211; x_wconf 80' lang='lat' dir='ltr'>(non</span> <span class='ocrx_word' id='word_1_93' title='bbox 1202 1162 1380 1204; x_wconf 77' lang='lat' dir='ltr'>constat</span> <span class='ocrx_word' id='word_1_94' title='bbox 1408 1160 1463 1204; x_wconf 86' lang='lat' dir='ltr'>de</span> <span class='ocrx_word' id='word_1_95' title='bbox 1493 1161 1543 1216; x_wconf 82' lang='grc' dir='ltr'>β)</span> <span class='ocrx_word' id='word_1_96' title='bbox 1580 1159 1626 1203; x_wconf 91' lang='grc'><strong>0</strong></span> <span class='ocrx_word' id='word_1_97' title='bbox 1647 1160 1699 1213; x_wconf 84' lang='lat' dir='ltr'>V,</span> <span class='ocrx_word' id='word_1_98' title='bbox 1730 1159 1886 1205; x_wconf 86' lang='lat' dir='ltr'>subter</span> <span class='ocrx_word' id='word_1_99' title='bbox 1912 1159 2133 1218; x_wconf 73' lang='lat' dir='ltr'>Micyllus</span> <span class='ocrx_word' id='word_1_100' title='bbox 2152 1160 2284 1218; x_wconf 74' lang='lat' dir='ltr'>mdqo</span> <span class='ocrx_word' id='word_1_101' title='bbox 2319 1159 2336 1217; x_wconf 85' lang='grc' dir='ltr'>ΙΙ</span> <span class='ocrx_word' id='word_1_102' title='bbox 2369 1159 2418 1204; x_wconf 87' lang='lat' dir='ltr'>in</span> 
     </span>
     <span class='ocr_line' id='line_1_12' title="bbox 329 1230 1202 1289; baseline -0.001 -13"><span class='ocrx_word' id='word_1_103' title='bbox 329 1233 439 1277; x_wconf 86' lang='lat' dir='ltr'>mari</span> <span class='ocrx_word' id='word_1_104' title='bbox 468 1233 602 1289; x_wconf 76' lang='lat' dir='ltr'>vulyo</span> <span class='ocrx_word' id='word_1_105' title='bbox 686 1233 717 1278; x_wconf 82' lang='lat'><strong>3</strong></span> <span class='ocrx_word' id='word_1_106' title='bbox 747 1231 872 1288; x_wconf 90' lang='lat' dir='ltr'>quod</span> <span class='ocrx_word' id='word_1_107' title='bbox 900 1246 943 1275; x_wconf 91' lang='lat' dir='ltr'>n.</span> <span class='ocrx_word' id='word_1_108' title='bbox 974 1230 1115 1276; x_wconf 87' lang='lat' dir='ltr'>habet</span> <span class='ocrx_word' id='word_1_109' title='bbox 1142 1232 1202 1275; x_wconf 88' lang='lat' dir='ltr'><em>N</em></span> 
     </span>
    </p>

    <p class='ocr_par' dir='ltr' id='par_1_6' title="bbox 328 1299 2426 1716">
     <span class='ocr_line' id='line_1_13' title="bbox 470 1299 2420 1358; baseline -0.002 -11"><span class='ocrx_word' id='word_1_110' title='bbox 470 1303 586 1347; x_wconf 89' lang='lat' dir='ltr'>XIX</span> <span class='ocrx_word' id='word_1_111' title='bbox 615 1303 831 1348; x_wconf 82' lang='lat' dir='ltr'>Medusae</span> <span class='ocrx_word' id='word_1_112' title='bbox 861 1303 1006 1347; x_wconf 83' lang='lat' dir='ltr'>crines</span> <span class='ocrx_word' id='word_1_113' title='bbox 1035 1303 1082 1345; x_wconf 92' lang='lat' dir='ltr'>in</span> <span class='ocrx_word' id='word_1_114' title='bbox 1112 1307 1346 1358; x_wconf 83' lang='lat' dir='ltr'>serpentes</span> <span class='ocrx_word' id='word_1_115' title='bbox 1376 1304 1482 1357; x_wconf 78' lang='lat' dir='ltr'>post</span> <span class='ocrx_word' id='word_1_116' title='bbox 1510 1301 1598 1346; x_wconf 86' lang='lat'>752</span> <span class='ocrx_word' id='word_1_117' title='bbox 1615 1302 1649 1358; x_wconf 81' lang='grc' dir='ltr'>β</span> <span class='ocrx_word' id='word_1_118' title='bbox 1665 1302 1736 1344; x_wconf 84' lang='grc' dir='ltr'>Μ’</span> <span class='ocrx_word' id='word_1_119' title='bbox 1771 1302 1787 1356; x_wconf 81' lang='grc' dir='ltr'>ΙΙ</span> <span class='ocrx_word' id='word_1_120' title='bbox 1829 1315 1956 1346; x_wconf 76' lang='lat' dir='ltr'>eoeser</span> <span class='ocrx_word' id='word_1_121' title='bbox 1973 1301 2181 1358; x_wconf 79' lang='lat' dir='ltr'>fabulam</span> <span class='ocrx_word' id='word_1_122' title='bbox 2200 1299 2420 1358; x_wconf 76' lang='lat' dir='ltr'>Mythoqr</span> 
     </span>
     <span class='ocr_line' id='line_1_14' title="bbox 337 1371 2419 1430; baseline -0.001 -11"><span class='ocrx_word' id='word_1_123' title='bbox 337 1374 425 1420; x_wconf 82' lang='lat' dir='ltr'>Vat</span> <span class='ocrx_word' id='word_1_124' title='bbox 451 1373 488 1418; x_wconf 92' lang='lat' dir='ltr'><strong><em>I</em></strong></span> <span class='ocrx_word' id='word_1_125' title='bbox 513 1374 594 1419; x_wconf 84' lang='lat'>131</span> <span class='ocrx_word' id='word_1_126' title='bbox 626 1378 677 1430; x_wconf 78' lang='lat' dir='ltr'>(p</span> <span class='ocrx_word' id='word_1_127' title='bbox 708 1374 779 1423; x_wconf 82' lang='lat'>42,</span> <span class='ocrx_word' id='word_1_128' title='bbox 796 1374 908 1429; x_wconf 75' lang='lat' dir='ltr'>J7sq</span> <span class='ocrx_word' id='word_1_129' title='bbox 930 1372 1073 1426; x_wconf 85' lang='lat' dir='ltr'>Bode)</span> <span class='ocrx_word' id='word_1_130' title='bbox 1096 1375 1139 1417; x_wconf 79' lang='lat' dir='ltr'>et</span> <span class='ocrx_word' id='word_1_131' title='bbox 1156 1371 1294 1430; x_wconf 73' lang='lat' dir='ltr'>Myth</span> <span class='ocrx_word' id='word_1_132' title='bbox 1319 1371 1407 1418; x_wconf 79' lang='lat' dir='ltr'>Vat</span> <span class='ocrx_word' id='word_1_133' title='bbox 1425 1372 1489 1416; x_wconf 87' lang='grc' dir='ltr'>ΙΙ</span> <span class='ocrx_word' id='word_1_134' title='bbox 1508 1372 1596 1417; x_wconf 87' lang='grc'><strong>112</strong></span> <span class='ocrx_word' id='word_1_135' title='bbox 1623 1376 1675 1428; x_wconf 77' lang='lat' dir='ltr'>(p</span> <span class='ocrx_word' id='word_1_136' title='bbox 1708 1372 1804 1425; x_wconf 82' lang='lat'><em>112,</em></span> <span class='ocrx_word' id='word_1_137' title='bbox 1821 1371 1936 1428; x_wconf 79' lang='lat' dir='ltr'>33sq</span> <span class='ocrx_word' id='word_1_138' title='bbox 1954 1371 2017 1426; x_wconf 91' lang='lat' dir='ltr'>B)</span> <span class='ocrx_word' id='word_1_139' title='bbox 2102 1373 2132 1416; x_wconf 72' lang='lat'>4</span> <span class='ocrx_word' id='word_1_140' title='bbox 2161 1376 2364 1426; x_wconf 87' lang='lat' dir='ltr'>peterent</span> <span class='ocrx_word' id='word_1_141' title='bbox 2383 1371 2419 1428; x_wconf 80' lang='grc' dir='ltr'><strong><em>β</em></strong></span> 
     </span>
     <span class='ocr_line' id='line_1_15' title="bbox 328 1441 2425 1501; baseline -0.001 -10"><span class='ocrx_word' id='word_1_142' title='bbox 328 1447 357 1491; x_wconf 80' lang='lat'>5</span> <span class='ocrx_word' id='word_1_143' title='bbox 387 1460 487 1491; x_wconf 84' lang='lat' dir='ltr'>oum</span> <span class='ocrx_word' id='word_1_144' title='bbox 518 1459 573 1490; x_wconf 84' lang='lat' dir='ltr'>ea</span> <span class='ocrx_word' id='word_1_145' title='bbox 596 1446 657 1489; x_wconf 87' lang='lat' dir='ltr'><strong><em>N</em></strong></span> <span class='ocrx_word' id='word_1_146' title='bbox 793 1446 822 1490; x_wconf 87' lang='grc'><strong>6</strong></span> <span class='ocrx_word' id='word_1_147' title='bbox 852 1447 975 1501; x_wconf 80' lang='lat' dir='ltr'>qul(a</span> <span class='ocrx_word' id='word_1_148' title='bbox 1003 1459 1059 1488; x_wconf 79' lang='lat' dir='ltr'>ea:</span> <span class='ocrx_word' id='word_1_149' title='bbox 1087 1458 1190 1489; x_wconf 79' lang='lat' dir='ltr'>corr</span> <span class='ocrx_word' id='word_1_150' title='bbox 1217 1445 1238 1488; x_wconf 81' lang='lat' dir='ltr'>i</span> <span class='ocrx_word' id='word_1_151' title='bbox 1255 1447 1294 1496; x_wconf 80' lang='lat' dir='ltr'>r)</span> <span class='ocrx_word' id='word_1_152' title='bbox 1327 1444 1440 1489; x_wconf 87' lang='lat' dir='ltr'>obtr.</span> <span class='ocrx_word' id='word_1_153' title='bbox 1469 1444 1543 1488; x_wconf 84' lang='lat' dir='ltr'><strong><em>M</em></strong></span> <span class='ocrx_word' id='word_1_154' title='bbox 1699 1445 1723 1489; x_wconf 78' lang='lat'>7</span> <span class='ocrx_word' id='word_1_155' title='bbox 1755 1444 1814 1488; x_wconf 86' lang='lat' dir='ltr'>ab</span> <span class='ocrx_word' id='word_1_156' title='bbox 1845 1443 2004 1488; x_wconf 82' lang='lat' dir='ltr'>eadem</span> <span class='ocrx_word' id='word_1_157' title='bbox 2035 1442 2122 1488; x_wconf 85' lang='lat' dir='ltr'>dea</span> <span class='ocrx_word' id='word_1_158' title='bbox 2148 1443 2197 1487; x_wconf 91' lang='lat' dir='ltr'>in</span> <span class='ocrx_word' id='word_1_159' title='bbox 2226 1455 2342 1500; x_wconf 86' lang='lat' dir='ltr'>serp.</span> <span class='ocrx_word' id='word_1_160' title='bbox 2369 1441 2425 1487; x_wconf 78' lang='lat' dir='ltr'><em>N</em></span> 
     </span>
     <span class='ocr_line' id='line_1_16' title="bbox 331 1514 2420 1573; baseline -0.002 -11"><span class='ocrx_word' id='word_1_161' title='bbox 331 1519 413 1572; x_wconf 78' lang='lat' dir='ltr'>&#39;qu</span> <span class='ocrx_word' id='word_1_162' title='bbox 443 1531 469 1561; x_wconf 84' lang='lat' dir='ltr'><strong>a</strong></span> <span class='ocrx_word' id='word_1_163' title='bbox 498 1516 704 1573; x_wconf 91' lang='lat' dir='ltr'>pluribus</span> <span class='ocrx_word' id='word_1_164' title='bbox 731 1517 1025 1573; x_wconf 87' lang='lat' dir='ltr'>processisset</span> <span class='ocrx_word' id='word_1_165' title='bbox 1056 1517 1089 1572; x_wconf 82' lang='grc' dir='ltr'>β</span> <span class='ocrx_word' id='word_1_166' title='bbox 1126 1517 1140 1571; x_wconf 86' lang='grc' dir='ltr'>ΙΙ</span> <span class='ocrx_word' id='word_1_167' title='bbox 1177 1519 1242 1568; x_wconf 90' lang='lat' dir='ltr'>(es</span> <span class='ocrx_word' id='word_1_168' title='bbox 1270 1517 1291 1560; x_wconf 81' lang='lat' dir='ltr'>i</span> <span class='ocrx_word' id='word_1_169' title='bbox 1314 1519 1427 1570; x_wconf 84' lang='lat' dir='ltr'>r)set</span> <span class='ocrx_word' id='word_1_170' title='bbox 1456 1516 1527 1558; x_wconf 85' lang='lat' dir='ltr'><strong><em>M</em></strong></span> <span class='ocrx_word' id='word_1_171' title='bbox 1638 1515 1667 1559; x_wconf 90' lang='grc'>8</span> <span class='ocrx_word' id='word_1_172' title='bbox 1696 1514 1876 1559; x_wconf 82' lang='lat' dir='ltr'>abiecta</span> <span class='ocrx_word' id='word_1_173' title='bbox 1904 1515 1965 1558; x_wconf 88' lang='lat' dir='ltr'><em>N</em></span> <span class='ocrx_word' id='word_1_174' title='bbox 2008 1515 2025 1568; x_wconf 72' lang='lat' dir='ltr'>fl</span> <span class='ocrx_word' id='word_1_175' title='bbox 2072 1518 2274 1559; x_wconf 86' lang='lat' dir='ltr'>verteret</span> <span class='ocrx_word' id='word_1_176' title='bbox 2300 1525 2420 1570; x_wconf 84' lang='lat' dir='ltr'>quos</span> 
     </span>
     <span class='ocr_line' id='line_1_17' title="bbox 330 1582 2426 1645; baseline -0.002 -12"><span class='ocrx_word' id='word_1_177' title='bbox 330 1593 563 1645; x_wconf 84' lang='lat' dir='ltr'>serpentes</span> <span class='ocrx_word' id='word_1_178' title='bbox 605 1588 654 1631; x_wconf 92' lang='lat' dir='ltr'>in</span> <span class='ocrx_word' id='word_1_179' title='bbox 689 1586 852 1642; x_wconf 82' lang='lat' dir='ltr'>aegide</span> <span class='ocrx_word' id='word_1_180' title='bbox 887 1592 1044 1642; x_wconf 86' lang='lat' dir='ltr'>portat</span> <span class='ocrx_word' id='word_1_181' title='bbox 1082 1586 1245 1644; x_wconf 83' lang='lat' dir='ltr'>Pallas,</span> <span class='ocrx_word' id='word_1_182' title='bbox 1284 1592 1335 1631; x_wconf 90' lang='lat' dir='ltr'>ut</span> <span class='ocrx_word' id='word_1_183' title='bbox 1360 1586 1517 1631; x_wconf 90' lang='lat' dir='ltr'>hostes</span> <span class='ocrx_word' id='word_1_184' title='bbox 1554 1591 1721 1631; x_wconf 81' lang='lat' dir='ltr'>terreat</span> <span class='ocrx_word' id='word_1_185' title='bbox 1759 1590 1944 1636; x_wconf 86' lang='lat' dir='ltr'>(terrant</span> <span class='ocrx_word' id='word_1_186' title='bbox 1980 1585 2033 1642; x_wconf 91' lang='lat' dir='ltr'>V,</span> <span class='ocrx_word' id='word_1_187' title='bbox 2062 1585 2142 1639; x_wconf 79' lang='lat' dir='ltr'>sie)</span> <span class='ocrx_word' id='word_1_188' title='bbox 2169 1584 2351 1630; x_wconf 81' lang='lat' dir='ltr'>addunt</span> <span class='ocrx_word' id='word_1_189' title='bbox 2378 1582 2426 1629; x_wconf 88' lang='lat' dir='ltr'><strong><em>V</em></strong></span> 
     </span>
     <span class='ocr_line' id='line_1_18' title="bbox 329 1657 836 1716; baseline -0.004 -13"><span class='ocrx_word' id='word_1_190' title='bbox 329 1659 476 1716; x_wconf 66' lang='lat' dir='ltr'>vulgo,</span> <span class='ocrx_word' id='word_1_191' title='bbox 507 1672 580 1703; x_wconf 84' lang='lat' dir='ltr'>om</span> <span class='ocrx_word' id='word_1_192' title='bbox 608 1658 713 1702; x_wconf 79' lang='lat' dir='ltr'>haee</span> <span class='ocrx_word' id='word_1_193' title='bbox 734 1658 768 1714; x_wconf 83' lang='grc' dir='ltr'><strong><em>β</em></strong></span> <span class='ocrx_word' id='word_1_194' title='bbox 790 1657 836 1701; x_wconf 87' lang='lat' dir='ltr'><strong><em>O</em></strong></span> 
     </span>
    </p>
   </div>
  </div>
 </body>
</html>
