2554 4094
0 0 570 42 ᾖ
585 0 601 1 7
623 0 627 1 ⁷

0 57 26 107 ’Ξῖ

0 131 64 252 N

0 198 13 213 ,

0 223 33 273 ῖς
63 253 67 266 2
2142 225 2196 263 lx

0 292 7 311 Γ
64 301 70 310 .

0 356 13 422 ἶ
258 368 369 418 Sed
404 368 561 417 redeo
615 367 689 415 ad
741 366 908 415 libros
952 368 1182 416 nostros.
1258 368 1422 427 atque
1460 360 1638 425 oliml)
1693 366 1942 427 congessi
1994 380 2198 415 errores

0 426 15 462 Ρ
117 453 416 518 permultos
470 453 567 501 aut
621 452 863 501 omnium
921 451 1165 500 codicum
1217 453 1526 500 nostrorum
1581 452 1678 499 aut
1726 463 1901 511 paene
1956 452 2197 499 omnium

122 550 435 590 communes
484 536 542 585 id
592 549 777 599 aqens,
835 537 895 583 ut
944 536 1233 597 probarem
1289 549 1383 584 eos
1427 534 1750 583 derivandos
1800 548 1917 583 esse
1971 548 2037 583 ex
2091 550 2200 584 uno

120 623 416 684 eodemque
460 620 778 683 archetypo,
826 634 984 681 quem
1035 621 1201 670 tribui
1245 620 1556 669 dubitanter
1606 620 1771 668 aetati
1818 619 2200 682 Carolinqicae,

120 707 336 758 saeculo
372 720 520 756 nono
547 706 631 754 vel
665 706 871 754 decimo
883 700 947 770 2).
1024 707 1078 754 in
1130 719 1236 767 qua
1262 719 1320 754 re
1354 705 1580 754 minoris
1615 706 1697 753 est
1731 706 2007 764 momenti,
2055 706 2205 765 quod

123 794 179 843 in
217 793 340 853 illis,
382 805 522 853 quos
558 791 818 851 dicebam,
857 791 1129 839 erroribus
1165 792 1296 839 sunt
1330 790 1548 852 multae,
1589 791 1649 838 ut
1683 804 1830 838 nunc
1868 804 1934 839 ex
1968 791 2202 839 editione

122 879 306 927 nostra
370 877 533 936 vides,
598 876 851 925 lectiones
921 890 1073 925 verae
1130 876 1521 939 qenuinaeque.
1603 876 1826 938 qravius
1886 877 1968 924 est
2036 875 2200 924 aliud.

123 962 290 1012 nullis
336 963 457 1012 aevi
502 962 717 1022 antiqui
762 962 1007 1010 exeuntis
1068 960 1399 1023 temporibus
1453 961 1645 1010 notitia
1691 959 2202 1023 Metamorphoseon

123 1047 260 1097 adeo
297 1047 581 1096 evanuisse
612 1047 808 1108 potest,
849 1047 910 1094 ut
947 1046 1199 1095 credibile
1234 1046 1307 1095 sit
1342 1059 1459 1094 eam
1501 1060 1610 1094 uno
1647 1045 1891 1108 exemplo
1930 1059 2202 1108 propaqa-

126 1133 234 1181 tam
260 1145 392 1181 esse.
456 1131 595 1180 idem
621 1131 706 1194 (cf
716 1146 757 1193 p
786 1131 860 1179 VI
872 1145 937 1192 sq
964 1133 1017 1180 et
1043 1131 1347 1180 testimonia
1373 1128 1582 1192 nostra)
1608 1130 1752 1180 cadit
1776 1131 1831 1179 in
1858 1144 1918 1179 ea
1946 1132 2201 1193 tempora,

126 1217 328 1279 quibus
353 1218 614 1266 transitus
634 1217 803 1281 fiebat
826 1231 892 1265 ex
915 1217 1142 1278 antiquo
1179 1230 1311 1265 aevo
1339 1217 1394 1264 in
1419 1216 1676 1276 medium,
1717 1216 1855 1265 idem
1884 1217 1939 1264 in
1976 1217 2203 1265 aetatem

127 1301 539 1365 Carolinqicam,
596 1301 736 1350 idem
777 1302 832 1348 in
878 1315 940 1350 ea
980 1315 1122 1362 quae
1166 1301 1643 1362 subsequebantur
1689 1302 1945 1362 tempora.
2019 1300 2206 1349 nullus

124 1386 217 1437 hic
254 1387 406 1436 locus
441 1386 745 1448 archetypo,
781 1387 833 1434 si
866 1386 1212 1448 archetypum
1258 1386 1393 1434 dicis
1432 1401 1601 1434 unum
1642 1386 1911 1447 quendam
1950 1386 2204 1445 codicem,

125 1486 192 1522 ex
245 1486 354 1534 quo
414 1472 575 1520 ceteri
627 1485 816 1520 omnes
862 1471 1126 1534 fluxerint
1179 1497 1242 1504 —
1301 1471 1412 1519 nisi
1462 1470 1607 1533 forte
1660 1484 1723 1519 eo
1767 1467 1991 1519 nomine
2048 1484 2207 1519 vocas

127 1556 403 1606 codicillos
421 1557 616 1619 poetae
639 1555 1011 1618 autographo-s
1037 1555 1120 1603 vel
1145 1555 1281 1615 illos,
1310 1568 1449 1615 quos
1476 1554 1608 1617 ‘ipse
1635 1569 1736 1603 sua
1763 1556 1952 1616 posuit
1968 1557 2208 1604 maestus

128 1642 184 1690 in
234 1642 359 1705 iyne
404 1639 592 1690 manu‘
630 1641 713 1690 vel
749 1641 899 1700 illos,
955 1654 1094 1701 quos
1139 1641 1355 1702 postea,
1411 1641 1472 1688 ut
1504 1641 1720 1702 qratum
1754 1640 1959 1703 faceret
1996 1641 2212 1690 Caesari

127 1725 395 1790 Augusto,
454 1727 509 1774 in
547 1726 722 1775 Ponto
757 1726 969 1786 aliquot
1005 1725 1137 1774 locis
1172 1725 1416 1773 mutavit.
1493 1725 1658 1773 immo
1696 1739 1901 1774 errores
1949 1725 2028 1773 illi
2063 1739 2207 1774 com-

127 1824 320 1860 munes
363 1811 608 1860 codicum
658 1812 986 1870 nostrorum,
1048 1811 1317 1870 quatenus
1359 1823 1565 1858 errores
1610 1812 1755 1869 sunt,
1811 1810 2214 1874 reperiebantur

128 1898 182 1945 et
217 1896 274 1944 in
310 1896 388 1945 eis
425 1896 592 1956 libris,
634 1909 772 1957 quos
810 1895 1060 1958 legebant
1097 1896 1312 1955 veteres,
1350 1896 1404 1943 et
1440 1896 1495 1943 in
1532 1895 1653 1955 illis,
1694 1896 1791 1956 qui
1827 1896 2112 1944 veniebant
2147 1911 2212 1945 ex

128 1981 356 2043 antiquo
404 1994 538 2030 aevo
596 1981 651 2029 in
709 1980 966 2040 medium,
1020 1993 1120 2028 nec
1178 1981 1357 2028 tamen
1422 1980 1477 2028 in
1537 1980 1793 2029 omnibus
1850 1994 2054 2040 omnes,
2115 1981 2214 2028 sed

126 2065 412 2129 paullatim
439 2065 571 2114 hinc
591 2065 737 2114 illinc
758 2065 906 2125 illati,
940 2063 1319 2125 ‘mensuraque
1339 2063 1489 2128 ficti‘‚
1523 2067 1584 2113 ut
1600 2067 1682 2114 est
1702 2065 1768 2114 de
1791 2066 1974 2125 Fama,
2007 2065 2215 2114 ‘crescit

130 2153 184 2200 et
232 2151 435 2200 auditis
480 2150 692 2212 aliquid
735 2164 912 2199 novus
962 2149 1127 2198 adicit
1161 2148 1397 2198 auctor‘!
1464 2149 1569 2198 hos
1618 2150 1787 2212 iqitur
1831 2150 1998 2199 libros
2051 2152 2215 2199 aetati

135 2235 520 2298 Carolinqicae,
541 2236 791 2298 piqnoris
811 2235 1044 2297 depositi
1055 2234 1202 2298 fidae
1221 2234 1301 2283 illi
1322 2236 1649 2296 sanctaeque
1674 2235 1887 2284 custodi
1895 2230 1957 2296 3),
1986 2236 2210 2284 traditos

131 2333 254 2369 cum
314 2321 431 2370 suis
487 2320 782 2380 erroribus,
835 2334 948 2369 non
992 2320 1200 2368 scribae
1242 2319 1474 2368 alicuius
1522 2320 1824 2382 insipientis
1870 2321 1970 2369 sed
2024 2334 2212 2369 saecu-

133 2405 308 2455 lorum
345 2406 503 2468 culpa
524 2406 842 2466 commissis,
873 2406 1049 2454 verius
1073 2405 1222 2453 dicas
1243 2404 1590 2467 archetypum
1613 2405 1858 2454 codicum
1884 2407 2211 2465 nostrorum,

135 2491 312 2539 verius
365 2491 551 2554 siqnes
601 2490 741 2553 siylo
778 2485 888 2551 A4).
962 2491 1157 2539 etenim
1213 2491 1264 2538 si
1299 2489 1408 2538 duo
1447 2489 1572 2538 libri
1627 2489 1672 2539 C
1718 2492 1773 2538 et
1806 2491 1857 2538 D
1909 2504 1975 2539 ex
2027 2491 2211 2539 eodem

137 2575 430 2638 exemplari
451 2575 500 2624 B
534 2576 788 2637 descripti
821 2575 1036 2624 eosdem
1074 2588 1280 2623 errores
1305 2574 1557 2634 habeant,
1595 2589 1727 2623 num
1754 2577 1894 2624 recte
1930 2576 2217 2625 concludes

135 2673 229 2710 eos
265 2674 453 2710 omnes
484 2660 659 2724 fuisse
699 2661 754 2709 in
779 2661 845 2720 A,
884 2674 950 2709 ex
988 2674 1096 2721 quo
1122 2660 1170 2708 B
1198 2659 1460 2723 fluxerit?
1514 2660 1711 2708 mirum
1740 2662 2003 2721 quantum
2031 2662 2218 2710 nocuit

135 2746 243 2794 arti
287 2746 499 2794 criticae
544 2746 899 2794 recentiorum
950 2759 1148 2794 vanum
1200 2744 1349 2792 istud
1392 2746 1445 2792 et
1497 2758 1657 2806 saepe
1710 2745 1851 2794 male
1889 2746 2214 2795 intellectum

136 2843 335 2880 nomen
382 2830 685 2893 archetypi:
729 2845 856 2879 nam
897 2830 1003 2890 illa,
1061 2832 1122 2878 ut
1155 2830 1444 2878 Narcissus
1481 2831 1595 2889 iste,
1654 2844 1850 2892 corpus
1888 2833 2050 2892 putat
2084 2845 2215 2892 esse,

90 2915 98 2928 ⁷
140 2915 292 2976 quod
326 2916 472 2965 unda
509 2914 621 2964 est!
688 2930 787 2964 nec
838 2916 1045 2975 dubito,
1097 2915 1229 2976 quin
1271 2916 1472 2963 veteres
1520 2915 1626 2977 ipsi
1669 2914 1962 2964 habuerint
2010 2917 2065 2964 in
2102 2917 2218 2964 suis

283 3007 322 3065 1)
355 3012 414 3062 Cf
435 3013 595 3052 NJhbb
627 3013 752 3060 1893,
784 3013 867 3051 602
879 3023 944 3061 sq.

281 3082 325 3133 2)
357 3082 566 3122 Octavum
594 3084 786 3133 praefert
812 3082 974 3122 Miiller
1000 3082 1058 3121 lc
1084 3094 1116 3131 p
1145 3077 1284 3121 82260.

283 3152 325 3200 3)
357 3152 416 3203 Cf
437 3154 651 3193 ENorden
671 3154 774 3193 Einl
803 3155 847 3193 in
877 3155 908 3193 d
924 3154 1205 3192 Altertumsw
1235 3151 1274 3190 1¹
1306 3153 1412 3190 556:
1440 3152 1527 3191 Das
1541 3153 1787 3192 Mittelalter
1803 3165 1895 3192 war
1924 3154 1995 3192 ein
2023 3154 2220 3192 besserer

140 3223 378 3263 Verwalter
407 3224 483 3263 der
511 3225 626 3264 alten
655 3225 866 3264 Literatur
895 3225 960 3263 als
990 3235 1037 3263 es
1067 3224 1137 3262 die
1176 3223 1333 3261 letzten
1362 3222 1675 3262 Jahrhunderte
1715 3224 1792 3262 des
1822 3223 2056 3262 Altertums
2088 3223 2219 3262 selbst

141 3303 344 3340 gewesen
373 3304 533 3336 waren.
593 3295 649 3334 Es
677 3297 841 3342 rettete‚
867 3306 960 3334 was
989 3294 1101 3334 noch
1132 3306 1186 3332 zu
1214 3295 1351 3332 retten
1380 3305 1482 3334 war.

284 3365 326 3406 4)
360 3366 419 3416 Cf
439 3377 549 3415 quae
579 3367 688 3405 dixit
718 3367 771 3405 de
800 3366 1043 3415 archetypo,
1075 3376 1203 3414 quem
1235 3364 1454 3410 vocabant,
1485 3365 1726 3403 carminum
1743 3365 2052 3404 amatoriorum
2068 3363 2223 3413 STafel

146 3434 198 3474 lc
223 3446 256 3485 p
283 3436 360 3476 32:
406 3436 588 3476 Freilich
630 3437 735 3476 muss
762 3438 805 3486 ia
843 3437 891 3476 in
918 3437 1068 3475 letzter
1096 3437 1266 3474 Instanz
1298 3435 1368 3474 ein
1398 3435 1566 3474 solcher
1596 3435 1881 3474 Stammvater
1910 3436 2016 3474 aller
2043 3443 2222 3474 unserer

145 3505 229 3544 Hes
273 3506 465 3546 existiert
509 3507 666 3555 haben,
711 3508 814 3546 aber
850 3517 897 3546 es
942 3507 997 3546 ist
1044 3506 1261 3545 durchaus
1304 3505 1423 3544 nicht
1451 3506 1709 3557 notwendig,
1757 3506 1842 3545 dass
1872 3506 1955 3544 alle
1986 3506 2115 3543 Arme
2145 3504 2221 3542 der

145 3567 485 3627 Uberlieferung‚
530 3578 599 3616 die
636 3578 764 3617 heute
792 3579 861 3617 fiir
890 3589 972 3617 uns
1003 3577 1138 3616 durch
1168 3577 1237 3616 die
1268 3577 1491 3616 einzelnen
1519 3577 1603 3616 Hss
1632 3576 1933 3626 repriisentiert
1973 3575 2083 3622 sind,
2129 3574 2219 3612 sich

147 3647 306 3696 gerade
334 3658 420 3687 von
463 3648 582 3687 einer
625 3649 951 3688 Urhandschrift
994 3648 1260 3697 abgezweigt
1296 3648 1450 3694 haben,
1489 3647 1675 3686 sondern
1705 3647 1797 3686 dies
1826 3647 1943 3686 kann
1974 3645 2220 3685 allmiihlich

146 3717 205 3756 im
236 3718 367 3757 Lause
391 3718 468 3757 der
495 3710 821 3768 Uberlieferung
850 3719 1093 3768 geschehen
1123 3719 1230 3761 sein.
