2528 4088
726 1067 1147 1117 GONSPEOTVS
1185 1067 1538 1116 SIGLORVM.

94 1190 146 1235 A
174 1209 229 1226 -ι
259 1201 507 1234 consensus
536 1188 752 1234 librorum
774 1203 911 1234 manu
930 1190 1199 1247 scriptorum
1221 1190 1420 1234 omnium
1442 1195 1621 1245 praeter
1647 1203 1727 1235 eos
1757 1190 1837 1246 qui
1867 1191 2170 1245 nominantur,

261 1265 308 1304 et
337 1273 540 1304 meorum
571 1266 619 1304 et
646 1259 704 1305 ab
735 1259 836 1304 aliis
866 1260 1142 1305 collatorum.

633 1386 676 1430 Ι.
707 1386 899 1433 Codices
928 1387 1111 1441 integri
1140 1386 1214 1432 vel
1243 1398 1394 1442 paene
1423 1387 1622 1440 integri.

890 1503 925 1543 1.
956 1500 1378 1556 Antiquissimi.

90 1598 163 1642 Μ
205 1620 256 1636 =
291 1599 437 1643 codex
472 1599 725 1644 Marcianus
755 1597 1043 1643 Florentinus
1074 1601 1155 1642 225
1186 1611 1290 1642 saec
1317 1597 1396 1641 XI.
1426 1598 1582 1642 insunt
1609 1598 1796 1642 I-XIV
1825 1602 1919 1643 830.

93 1669 154 1712 N
206 1689 261 1704 =
292 1670 439 1714 codex
468 1669 793 1726 Neapolitanus
820 1669 886 1713 IV
915 1668 952 1712 F
972 1672 1010 1712 3.
1042 1682 1145 1713 saec
1173 1669 1252 1712 XI.
1282 1669 1437 1713 insunt
1464 1668 1652 1713 I-XIV
1683 1671 1781 1713 838.

104 1739 151 1782 0
207 1762 263 1778 =
293 1753 539 1785 consensus
567 1739 784 1784 librorum
813 1740 887 1784 M
898 1740 966 1783 N.

90 1811 148 1854 F
209 1833 265 1848 =
294 1811 440 1856 codex
467 1811 720 1856 Marcianus
749 1810 1038 1855 Florentinus
1068 1813 1165 1853 223.
1195 1822 1298 1854 saec
1326 1809 1392 1854 XI
1421 1822 1490 1854 ex.

94 1882 157 1925 X
207 1902 262 1918 ==
292 1894 540 1926 consensus
568 1881 738 1926 codicis
766 1880 803 1925 F
834 1894 935 1925 cum
965 1879 1292 1925 recentioribus
1321 1886 1402 1924 aut
1432 1880 1644 1925 omnibus
1670 1885 1749 1925 aut
1777 1881 1870 1926 fere
1891 1882 2103 1928 omnibus
2134 1889 2179 1928 et

290 1951 405 1997 meis
433 1952 504 2008 (ς*
526 1956 577 2008 9)
606 1957 654 1997 et
682 1952 870 1996 aliorum
902 1964 1040 2008 opera
1069 1950 1248 1996 collatis
1277 1953 1350 2007 (ς).

902 2083 942 2123 2.
982 2078 1366 2123 Recentiores.

95 2176 125 2207 e
200 2185 255 2201 ---
291 2162 623 2219 Amplonianus
653 2163 777 2220 prior
803 2163 1074 2208 Erfurtanus
1104 2163 1126 2206 Ι
1156 2176 1259 2207 saec
1286 2163 1376 2207 XII
1407 2166 1482 2208 vel
1510 2162 1637 2207 XIII.
1668 2163 1860 2207 contulit
1889 2161 2024 2208 Grau.

100 2236 139 2278 h
209 2255 263 2270 =
303 2233 579 2279 Hauniensis
609 2237 733 2278 2008.
763 2248 866 2279 saec
894 2234 1010 2278 XIII
1039 2239 1233 2279 exeunte
1259 2234 1464 2289 scriptus.

97 2307 118 2349 l
203 2323 259 2339 =
286 2305 629 2350 'Laurentianus
658 2304 859 2351 XXXVI
876 2309 941 2349 12.
986 2318 1088 2349 saec
1108 2305 1196 2348 XII
1225 2305 1410 2349 ineunte
1440 2304 1651 2362 scriptus.
1695 2305 1853 2350 insunt
1880 2304 2054 2348 I—XII
2083 2307 2181 2349 298.

294 2375 582 2420 contulerunt
600 2376 764 2433 HKeil,
797 2374 1019 2432 Meyncke
1048 2380 1095 2419 et
1124 2374 1317 2419 Camillo
1337 2374 1505 2419 Vitelli.

97 2446 185 2558 m}
201 2466 256 2482 ει
295 2451 574 2491 correcturae
611 2459 639 2491 a
666 2446 877 2491 manibus
903 2445 1232 2491 recentioribus
1248 2447 1360 2498 (ΜΒ)
1388 2445 1461 2490 vel
1495 2445 1815 2490 recentissimis
1842 2446 1949 2500 (mli)
1970 2445 2019 2489 in
2041 2447 2108 2490 M
2127 2446 2188 2489 N

96 2529 140 2562 n
381 2516 543 2562 factae.

94 2588 131 2641 f
207 2605 262 2622 =
294 2600 376 2632 eae
410 2592 563 2644 partes
593 2587 761 2632 codicis
784 2589 840 2630 F
861 2600 977 2643 quae
1008 2599 1046 2631 a
1081 2600 1218 2631 manu
1247 2587 1498 2631 recentiore
1528 2586 1653 2642 (saec
1680 2586 1808 2641 XIV)
1846 2587 2039 2644 scriptae
2077 2593 2184 2632 sunt

298 2658 321 2702 I
356 2662 521 2702 1-445
579 2659 648 2703 111
680 2658 885 2703 111——1V
915 2661 968 2702 39
1025 2657 1092 2703 IV
1122 2660 1364 2702 261—701.

100 2757 154 2814 ς*
210 2781 267 2797 =
295 2771 541 2803 consensus
569 2758 777 2803 codicum
807 2770 836 2802 e
865 2760 903 2802 h
934 2759 967 2802 l.

55 2891 59 2896 .
101 2844 129 2885 ς
214 2849 268 2864 =
299 2829 478 2874 codices
498 2828 673 2885 aliquot
696 2829 971 2885 recentioris,
988 2833 1039 2872 ut
1057 2827 1252 2882 videtur,
1273 2825 1447 2882 aetatis,
1464 2839 1565 2871 cum
1585 2826 1643 2871 ab
1660 2826 1761 2871 aliis
1785 2826 1900 2871 viris
1920 2826 2066 2872 doctis
2084 2832 2181 2871 tum

300 2899 359 2945 ab
388 2899 622 2944 NHeinsio
658 2900 722 2944 ita
748 2898 958 2952 adhibiti,
996 2904 1048 2943 ut
1077 2904 1156 2943 aut
1193 2898 1459 2943 nominatim
1487 2910 1582 2942 non
1617 2897 1930 2953 significentur
1957 2903 2038 2942 aut
2064 2911 2183 2942 nunc

300 2970 524 3026 deperditi
552 2970 655 3015 sint.

112 3082 149 3125 a
232 3087 288 3103 ===
317 3068 581 3114 Graecensis
612 3072 734 3113 1415.
779 3083 882 3114 saec
910 3069 1037 3114 XIII.
1078 3068 1270 3113 contulit
1296 3067 1581 3125 Petschenig.

103 3151 150 3195 p
233 3159 288 3175 =
317 3138 551 3184 Palatinus
583 3142 705 3184 1661.
748 3153 850 3185 saec
879 3140 984 3185 XII.
1021 3139 1213 3184 contulit
1240 3138 1401 3184 Bothe.

105 3223 134 3255 s
236 3231 292 3248 =
322 3209 466 3255 codex
498 3209 738 3255 Societatis
766 3210 797 3256 J
798 3223 879 3255 esu
907 3211 1203 3255 Lovanensis.
1241 3209 1433 3254 contulit
1461 3209 1689 3254 Heinsius.
1729 3209 1884 3254 insunt
1912 3209 2060 3254 I——IX
2092 3212 2184 3253 120.

106 3309 209 3355 Ben
238 3330 292 3346 ==
326 3309 537 3354 lemmata
579 3310 748 3355 codicis
784 3310 1067 3356 Monacensis
1104 3309 1519 3355 Benedictoburani
1556 3312 1684 3354 4610.
1732 3322 1835 3355 saec
1870 3309 1950 3353 XI.
1994 3309 2187 3354 contulit

315 3380 493 3425 Meiser.

670 3492 738 3538 11.
769 3493 960 3539 Codices
988 3493 1202 3539 mutilati
1229 3494 1280 3538 et
1306 3492 1613 3548 Fragmenta.

111 3591 147 3620 α
223 3594 277 3611 =
306 3576 667 3633 antiquissimum
712 3577 1033 3634 Fragmentum
1076 3578 1304 3622 Bemense
1346 3581 1428 3621 363
1478 3591 1580 3622 saec
1628 3578 1709 3622 IX.
1752 3577 1908 3621 insunt
1956 3576 1981 3620 Ι
2019 3578 2184 3620 1-199

308 3650 531 3691 304-309
581 3651 820 3692 773-779.
872 3649 916 3692 H
941 3652 1092 3692 1—22.
1135 3648 1203 3692 III
1227 3650 1372 3692 1—56.
1424 3647 1709 3693 contulerunt
1728 3647 1937 3703 HHagen
1954 3651 2000 3691 et
2017 3644 2187 3692 REllis.

195 3725 298 3760 Ovn)
322 3725 512 3759 METAMM.
1824 3720 1844 3759 1
