2580 4088
886 181 1027 226 Liber
1055 179 1133 226 IV.
1162 178 1256 224 fab.
1286 182 1444 223 6—13.
2103 181 2205 229 649

123 324 363 388 Smilace,
401 324 489 392 qui
525 323 582 376 in
617 323 798 376 florem
834 324 968 376 versi
1007 321 1343 388 sunt3'refert
1379 335 1582 389 quoque
1628 319 1975 374 Salmacidem
2012 322 2207 376 fontem

121 408 326 475 Cariae,
372 409 524 462 cuius
566 408 764 475 liquore
803 408 1030 461 contacti
1073 408 1127 459 in
1165 407 1441 460 mollitiem
1475 405 1611 459 versi
1647 405 2011 472 defigurentur.
2072 408 2206 460 Mer-

122 493 296 547 curius
338 508 460 546 cum
504 507 566 546 ex
618 492 816 545 Venere
881 492 969 560 qui
1016 492 1210 559 duplici
1265 491 1433 559 figura
1475 490 1944 559 Hermaphroditus
1996 493 2210 543 vocatur

122 577 391 645 genuisset
426 592 648 644 eumque
686 577 868 629 naides
904 577 1168 645 nymphae
1193 576 1248 628 in
1284 576 1379 629 Ida
1402 578 1579 629 monte
1606 575 1980 639 educavissent‚
2016 577 2210 628 relictis

122 661 334 715 sedibus
388 662 447 714 in
489 661 695 716 Cariam
750 662 906 714 venit.
979 662 1065 714 hic
1120 661 1414 730 conspicato
1468 660 1610 713 fonte
1664 660 1962 728 opacissimi
2006 661 2105 712 soli
2151 676 2211 713 ac

122 746 435 814 perlucentis
491 762 655 813 aquae
710 761 923 799 cursum
980 746 1254 798 continuit.
1317 761 1418 813 quo
1472 745 1671 798 diutius
1715 761 1775 798 eo
1818 746 1931 798 loco
1977 746 2211 798 morante

124 829 377 884 Salmacis
412 830 629 883 naidum
668 830 794 883 dum
829 830 982 883 flores
1021 831 1148 897 legit
1174 830 1491 898 conspicatis
1516 830 1756 897 vestigiis
1783 829 1999 898 diligere
2026 830 2211 898 coepit.

54 935 63 943 ·
124 915 216 982 qui
266 915 519 984 paulatim
582 915 721 968 circa
764 917 996 968 montem
1051 915 1407 968 Nonacrinum
1467 918 1722 978 moratuS,
1779 915 1904 968 dum
1956 915 2214 968 blanditia

41 1096 88 1139 1⁰

41 1523 88 1565 15

122 999 337 1067 liquoris
380 998 722 1068 precibusque
766 1002 975 1052 tenetur
1010 1000 1295 1068 nymphae,
1338 1000 1480 1053 fonte
1525 1015 1580 1053 se
1623 999 1806 1053 mersit
1841 1015 1902 1053 ac
1939 1000 2214 1053 confestim

123 1084 364 1153 amplexu
406 1084 576 1137 naidis
619 1084 845 1137 inhaesit
889 1100 987 1137 nec
1030 1086 1151 1137 ante
1196 1086 1260 1138 ab
1307 1100 1370 1138 ea
1413 1085 1659 1138 dimissus
1696 1087 1798 1151 est,
1854 1101 2013 1153 quam
2050 1085 2115 1137 ab
2153 1099 2215 1137 ea

28 1174 30 1184 '
122 1168 466 1236 impetrasset,
505 1170 561 1221 in
597 1184 758 1222 unam
794 1172 854 1221 ut
891 1169 1098 1222 cederet
1134 1171 1377 1238 speciem.
1441 1170 1562 1222 data
1596 1170 1773 1238 itaque
1810 1171 1961 1223 venia
1996 1169 2216 1222 Herma-

122 1253 407 1322 phrodituS,
442 1256 720 1323 postquam
757 1270 813 1307 se
850 1255 1219 1308 animadvertit
1254 1270 1351 1308 nec
1386 1255 1555 1308 virum
1590 1271 1688 1308 nec
1723 1254 1976 1308 feminam
2002 1254 2214 1318 factum,

124 1353 157 1391 a
197 1340 500 1406 parentibus
536 1340 853 1406 impetravit,
907 1355 973 1392 ne
1012 1339 1225 1393 infamis
1271 1340 1411 1392 solus
1459 1342 1610 1403 esset,
1652 1342 1726 1404 ut,
1771 1340 2067 1407 quicunque
2106 1340 2217 1393 eius

123 1422 282 1477 fontis
319 1439 456 1492 aqua
492 1426 762 1477 contactus
799 1427 950 1492 esset,
989 1424 1200 1492 perinde
1237 1427 1298 1476 ut
1334 1424 1445 1492 ipse
1481 1425 1808 1477 mollesceret
1996 1425 2216 1493 Minyei-
2236 1435 2318 1485 fab
2346 1432 2406 1474 12

125 1508 216 1561 des
253 1509 530 1562 Thebanae
576 1523 775 1562 sorores
819 1508 981 1561 fuisse
1027 1508 1339 1577 produntur,
1394 1524 1615 1576 quarum
1659 1509 2048 1563 sollertissimae
2085 1509 2220 1562 Leu-

126 1594 310 1647 cothoe
347 1595 400 1647 et
436 1593 727 1657 Leuconoe,
771 1593 908 1660 quod
945 1593 1121 1646 Liberi
1165 1609 1313 1646 sacra
1355 1594 1412 1645 in
1451 1595 1808 1660 contemptum
1845 1594 2219 1651 devocaverint,

126 1678 389 1732 Minervae
425 1678 651 1732 lanificio
688 1678 926 1731 addictae
964 1693 1027 1731 ex
1058 1678 1317 1747 inproviso
1356 1678 1438 1731 die
1474 1679 1709 1731 numinis
1735 1679 1946 1732 vocibus
1971 1679 2218 1731 tibiarum

127 1764 182 1816 et
215 1765 580 1832 tympanorum
617 1764 890 1816 exterritae
938 1765 1084 1827 sunt,
1132 1779 1264 1831 quae
1308 1764 1364 1815 in
1401 1766 1682 1832 conspectu
1717 1780 1821 1816 non
1858 1764 2106 1817 viderent.
2167 1766 2221 1815 et

126 1850 188 1901 ut
223 1848 633 1902 animadvertere
677 1848 810 1901 telas
852 1849 1310 1916 instrumentaque
1356 1864 1452 1902 sua
1495 1849 1551 1901 in
1587 1849 1834 1902 hederam
1873 1865 1933 1902 ac
1969 1849 2103 1902 vites
2139 1864 2218 1900 re-

10 2005 15 2010 ἠ
41 1949 91 1990 20
123 1934 278 2000 pente
315 1934 520 1986 mutata
557 1935 611 1986 et
644 1933 820 1987 locum
856 1933 1134 1987 adsuetum
1177 1933 1303 1987 feris
1338 1935 1597 2003 repletum
1633 1936 1943 2002 noctemque
1980 1934 2220 1987 obfusam

126 2018 452 2082 timentibus,
503 2018 560 2071 in
597 2019 830 2072 volucres
876 2034 1150 2073 conversae
1199 2021 1336 2084 sunt,
1378 2035 1509 2087 quae
1547 2020 1936 2088 vespertiliones
1972 2020 2221 2072 vocantur

304 2103 442 2158 Iuno
478 2103 703 2172 graviter
737 2103 934 2168 ferenS,
971 2103 1109 2172 quod
1144 2103 1262 2169 Ino,
1298 2105 1477 2158 Liberi
1515 2106 1684 2170 altrix,
1721 2106 1982 2158 sororibus
2018 2104 2219 2173 punitis
2240 2115 2323 2165 fab
2351 2111 2410 2153 13

130 2202 251 2240 cum
287 2187 489 2241 duobus
524 2193 816 2242 remaneret
861 2189 1042 2242 liberis
1087 2189 1143 2241 in
1179 2189 1291 2242 vita
1327 2191 1673 2258 contemptrix
1707 2190 1943 2242 numinis
1981 2190 2086 2254 sui,
2129 2205 2223 2258 per

270 2287 296 2330 1
325 2285 464 2330 refert
478 2290 676 2343 quoque]
697 2286 802 2330 haec
816 2289 861 2331 et
878 2300 992 2341 quae
1011 2289 1266 2341 sequuntur
1293 2300 1434 2342 usque
1452 2288 1513 2330 ad
1531 2286 1680 2342 finem
1699 2286 1882 2344 fabulae
1901 2290 2013 2343 post
2033 2286 2223 2332 titulum

130 2356 263 2401 modo
291 2357 466 2402 dictum
493 2357 624 2402 habet
651 2358 731 2413 M,
761 2358 861 2402 sine
891 2357 1027 2402 tilulo
1057 2357 1188 2402 habet
1213 2358 1275 2401 N
1308 2358 1323 2413 ΙΙ
1364 2357 1624 2402 salmacidis
1651 2357 1782 2402 fonte
1809 2358 1872 2402 N
1949 2357 1979 2401 2
2007 2357 2055 2401 in
2085 2370 2157 2402 om
2175 2357 2228 2400 N

129 2427 161 2473 3
195 2426 548 2473 hermafroditus
576 2429 648 2472 M
799 2430 829 2473 4
861 2441 964 2472 eum
1004 2433 1094 2484 que
1131 2428 1168 2484 (i
1195 2442 1219 2472 e
1257 2432 1408 2485 quem)
1445 2428 1503 2484 0,
1549 2430 1668 2473 enim
1700 2441 1835 2484 quem
1873 2427 1916 2474 V
1958 2428 1974 2484 ΙΙ
2023 2428 2149 2488 inide
2175 2428 2229 2471 N

131 2499 162 2542 5
190 2499 459 2556 opacissimo
489 2499 550 2543 N
697 2500 722 2543 7
752 2500 818 2543 sic
850 2499 958 2545 OV
980 2497 1223 2555 Muneker,
1253 2499 1378 2543 salm.
1409 2513 1500 2544 una
1531 2501 1624 2554 (sed
1652 2500 1707 2555 ef
1729 2498 1858 2546 XIV
1879 2499 1959 2555 fab
1990 2500 2060 2553 16)
2089 2500 2224 2556 vulyo

132 2569 242 2614 olim
292 2570 307 2626 ΙΙ
362 2569 565 2628 naydum
612 2570 671 2625 Ο,
720 2569 935 2614 naiadum
981 2570 1026 2615 V
1062 2570 1199 2626 vulyo
1256 2572 1271 2625 fl
1331 2570 1439 2615 dum
1483 2585 1557 2615 om
1592 2571 1654 2615 N
1701 2572 1716 2627 ΙΙ
1771 2570 1846 2614 dil.
1892 2570 2044 2627 coepit
2089 2570 2135 2614 Ο
2174 2569 2223 2623 V,

134 2639 210 2685 dil.
260 2653 362 2685 eum
407 2640 557 2697 eoepit
605 2640 738 2697 vulyo
880 2640 909 2685 8
947 2641 1019 2685 cui
1057 2640 1273 2697 paulatim
1310 2642 1372 2686 N
1415 2642 1430 2697 ΙΙ
1478 2642 1781 2698 nonagrinum
1812 2641 1883 2684 M
1930 2643 1946 2696 ΙΙ
1994 2642 2071 2697 qui
2109 2641 2225 2685 circa

133 2709 307 2755 fontem
336 2711 584 2767 paullulum
614 2717 817 2756 moratus
836 2710 1068 2767 Micyllus,
1099 2712 1179 2767 qui
1207 2713 1323 2757 circa
1342 2711 1375 2757 f.
1396 2725 1497 2757 cum
1521 2713 1727 2757 Caricum
1747 2711 1974 2756 Muneker
2065 2713 2097 2757 9
2126 2724 2226 2767 pre·

28 3875 30 3882 .
12 3847 16 3849 '
25 3805 32 3819 ,
18 3659 30 3783 Δ...,-ιι-ι
12 3537 27 3645 §eudr-

134 2781 351 2839 cibusque
380 2781 608 2840 nymphae
636 2787 866 2827 teneretur
884 2782 946 2826 N
1025 2783 1138 2839 1039
1169 2788 1412 2840 conspectu
1441 2784 1497 2827 N
1525 2784 1540 2839 ΙΙ
1576 2783 1733 2842 nayd(i
1748 2798 1805 2828 σω
1822 2787 1886 2835 e)s
1915 2783 1996 2836 M,
2025 2783 2225 2840 naydum

135 2852 196 2896 N
240 2853 257 2909 fl
303 2853 362 2897 ab
400 2865 454 2897 ea
492 2853 552 2907 0,
602 2867 631 2898 a
667 2852 755 2897 diis
800 2852 844 2898 V
875 2853 1010 2909 vulqo
1079 2854 1093 2909 ΙΙ
1162 2854 1373 2900 coederet
1407 2855 1480 2898 M
1632 2856 1740 2911 1139
1776 2854 2131 2900 hermafroditus
2159 2853 2230 2896 M

135 2922 193 2968 12
219 2921 390 2968 femina
418 2924 478 2967 N
557 2924 616 2970 13
643 2923 923 2980 perientibus
953 2924 1047 2978 (sie)
1077 2926 1133 2969 N

276 2993 344 3038 XI
400 2993 625 3053 Myniides
682 2995 889 3047 (Minides
948 2996 998 3051 β)
1055 2996 1253 3041 thebano
1309 2997 1357 3041 in
1408 2996 1753 3053 uespertiliones
1801 2999 1914 3052 post
1959 2995 2049 3041 388
2090 2996 2124 3052 β
2158 2995 2232 3040 M

136 3065 248 3120 14sq
277 3064 529 3120 Minyeides
558 3065 646 3119 Hs,
676 3065 888 3130 Miniides
925 3066 959 3122 β
987 3067 1067 3120 M,
1107 3067 1336 3127 Minyides
1363 3068 1427 3121 N,
1463 3068 1658 3112 Minides
1696 3066 1739 3112 V
1874 3067 1932 3112 15
1960 3067 2163 3125 produnt
2193 3067 2226 3123 β

137 3162 250 3219 1539
277 3162 518 3208 leucothoe
549 3165 583 3221 β
599 3165 671 3207 M
697 3164 742 3215 V,
771 3123 1012 3211 ffiffclzliotlioe
1031 3167 1096 3219 N,
1128 3166 1346 3211 Alcithoe
1373 3167 1504 3223 mlyo
1534 3167 1549 3222 ΙΙ
1577 3167 1771 3222 scriptor
1791 3167 1971 3222 erravit,
2002 3179 2095 3210 non
2117 3166 2226 3209 scri-

138 3233 208 3288 ba,
235 3234 290 3290 cf
309 3237 402 3279 met
428 3233 506 3279 1V
530 3235 617 3280 196
641 3235 728 3279 274
910 3239 965 3282 17
995 3236 1193 3281 lanifitio
1224 3237 1258 3293 β
1309 3237 1323 3292 ΙΙ
1374 3236 1449 3281 die
1476 3237 1676 3281 numinis
1706 3251 1779 3281 om
1808 3238 1862 3281 ed
1894 3236 2045 3291 Colon,
2076 3236 2153 3279 sed
2182 3235 2236 3290 cf

138 3306 232 3348 met
249 3303 370 3350 1V4
453 3304 510 3349 18
540 3318 658 3362 quae
676 3307 1098 3352 tamen—viderant
1125 3307 1347 3364 Micyllus
1430 3307 1545 3363 1839
1574 3312 1621 3352 et
1649 3314 1701 3351 ut
1729 3306 2088 3352 animaduertere
2115 3307 2171 3350 N
2189 3306 2235 3351 V

139 3373 292 3431 vulqo,
320 3380 367 3419 et
395 3375 550 3419 unima
576 3375 887 3421 aduerteretur
916 3378 964 3434 β,
995 3382 1043 3422 ct
1072 3382 1125 3422 ut
1153 3377 1296 3427 anim!
1327 3377 1599 3434 aduerteres}
1655 3379 1727 3421 M
1895 3378 2010 3432 19sq
2040 3381 2122 3421 sua
2151 3377 2185 3433 β
2205 3378 2220 3430 11

140 3443 248 3489 uitis
279 3445 340 3488 N
374 3445 389 3500 ΙΙ
428 3451 602 3491 mutata
630 3453 817 3503 repente
846 3449 907 3492 N
1056 3448 1115 3492 20
1142 3448 1415 3505 completum
1444 3447 1670 3493 Muneker
1705 3450 1719 3504 ΙΙ
1755 3449 1803 3505 (e
1827 3462 1884 3491 eoe
1915 3448 2132 3501 o)ifusam
2161 3449 2233 3491 M

140 3515 198 3560 21
228 3515 342 3573 ipsis
369 3517 466 3561 tim.
494 3516 750 3563 Raenerius
800 3520 815 3574 ΙΙ
865 3519 1226 3576 uespertilliones
1254 3521 1309 3564 N

282 3586 372 3630 XII
399 3587 485 3632 Ino
522 3593 568 3632 et
609 3588 858 3633 melicertes
888 3589 935 3634 di
973 3590 1110 3634 maris
1145 3589 1420 3643 leucothea(r
1446 3604 1538 3646 pro
1570 3605 1599 3634 n
1635 3589 1729 3634 add
1758 3590 1792 3646 β
1812 3590 1902 3644 M)
1940 3594 1987 3635 et
2014 3589 2224 3646 palemon

142 3659 246 3713 post
272 3657 361 3702 415
385 3658 505 3714 βΜ
586 3658 644 3702 22
673 3658 812 3709 llberi
843 3661 877 3717 β
