2528 4088
287 1505 318 1542 S

289 3553 326 3589 a

356 244 469 284 XXII

349 402 461 438 non
529 389 783 451 propriae
817 391 950 438 sunt
985 389 1184 438 codicis
1220 387 1258 450 l,
1296 389 1395 437 sed
1430 389 1596 437 totius
1634 389 1821 438 classis
1856 385 1925 439 X.
1981 392 2187 440 restant
2214 392 2441 455 aliquot,

350 474 416 523 de
454 474 656 536 quibus
694 474 923 523 dubites.
998 475 1131 523 sunt
1164 475 1343 523 autem
1382 473 1519 522 hae:
1560 473 1607 522 V
1636 474 1744 522 195
1778 489 1891 524 non
1927 475 2150 538 uiribus,
2192 477 2323 527 VIII
2333 478 2441 527 206

350 573 451 608 nec
507 560 575 619 te,
637 559 722 608 IX
763 559 870 608 273
925 558 1232 619 steneleiUS‚
1302 558 1359 607 X
1399 558 1506 606 363
1575 559 1928 623 consultaque
1994 562 2208 624 qualem
2264 561 2439 626 Optet,

349 644 435 692 XI
464 645 535 693 57
574 658 635 693 os
681 644 814 708 petit
863 646 914 692 et
952 658 1185 707 sparsoe,
1241 642 1356 691 XII
1385 643 1495 691 255
1540 643 1763 705 belateS,
1818 645 1961 694 XIII
1992 647 2099 695 678
2163 647 2440 711 antiquam

348 731 574 778 matrem
629 730 967 791 cognataque
1022 728 1193 788 iussit,
1249 726 1392 776 XIII
1421 727 1526 776 684
1583 728 1807 792 HyleuS‚
1863 730 1999 779 XIV
2027 731 2098 779 59
2150 731 2439 796 mediaque

350 816 508 863 tenus
547 814 901 863 descenderat
938 813 1079 873 aluo,
1119 813 1256 861 XIV
1285 813 1386 861 121
1429 827 1551 862 cum
1591 813 1728 863 duce
1767 829 1974 876 cumea,
2022 815 2160 865 XIV
2189 817 2291 866 561
2332 818 2440 868 nisi

351 900 507 963 siqua
531 899 767 948 uehebat
792 899 1031 958 achinS,
1071 898 1207 946 XIV
1223 898 1331 946 582
1367 900 1631 961 coegerat,
1668 899 1805 948 XIV
1834 901 1940 949 646
1976 901 2263 950 Desectum
2289 917 2341 966 p.
2362 917 2439 966 gr.

349 999 614 1044 uersasse‘
652 982 788 1033 XIV
822 984 918 1032 761
961 998 992 1032 o
1031 997 1169 1042 mea,
1206 982 1343 1031 XIV
1377 984 1478 1032 779
1515 986 1782 1047 premunt,
1827 985 1965 1034 XIV
1992 986 2095 1034 801
2136 988 2301 1036 strata
2338 989 2441 1037 est-

351 1084 472 1132 que,
511 1069 618 1118 XV
646 1070 718 1117 42
754 1068 928 1131 culpa.
1007 1069 1061 1116 in
1099 1067 1191 1116 Jzis
1229 1082 1563 1130 quamquam
1617 1070 1916 1119 nonnullae
1968 1072 2239 1121 eiusmodi
2287 1076 2439 1135 sunt,

351 1169 491 1216 quae
525 1155 700 1204 scriba
740 1154 939 1202 codicis
975 1154 1109 1202 satis
1146 1154 1338 1202 doctus
1375 1155 1679 1204 coniectura
1715 1157 1938 1217 assequi
1965 1158 2220 1219 potuerit,
2260 1159 2439 1208 lamen

344 1254 552 1302 paucae
587 1238 667 1301 (X
698 1239 806 1288 363
852 1239 939 1287 XI
967 1239 1038 1288 57
1092 1239 1234 1287 XIII
1265 1239 1371 1288 678
1406 1239 1542 1288 XIV
1570 1240 1641 1289 59
1708 1240 1845 1290 XIV
1871 1241 1974 1290 561
2032 1241 2167 1291 XIV
2197 1239 2325 1304 646)
2381 1243 2443 1291 ut

351 1339 504 1374 verae
539 1326 683 1384 sunt,
721 1325 800 1373 sic
834 1325 1106 1387 genuinae
1144 1324 1406 1373 videntur.
1468 1325 1568 1374 sed
1603 1326 1687 1374 vel
1720 1326 1799 1374 sic
1836 1340 1963 1375 cave
1988 1327 2174 1376 credas
2207 1328 2438 1376 nimium

349 1410 479 1459 huic
517 1411 641 1458 testi
673 1409 815 1458 male
846 1410 977 1473 fido.

494 1495 716 1545 Codex
751 1496 1104 1544 societatis
1128 1495 1282 1544 Jesu
1308 1495 1742 1544 Lovanensis.
1795 1496 2024 1545 contulit
2045 1496 2358 1547 NHeinsius
2383 1499 2439 1547 in

347 1581 496 1630 Mscr
537 1581 672 1630 Diez
713 1581 839 1629 Bibl
882 1580 1021 1630 Sant
1055 1581 1163 1629 148
1211 1579 1296 1644 (cf
1313 1581 1454 1644 infra
1473 1595 1514 1643 p
1539 1579 1743 1642 XXIV)
1796 1582 2095 1631 secundum
2150 1583 2439 1632 editionem

348 1666 742 1715 Elzevirianam
809 1667 945 1715 anni
996 1666 1138 1715 1629
1193 1667 1247 1715 et
1306 1666 1583 1715 collationi
1641 1666 1792 1715 hunc
1859 1667 2075 1716 titulum
2133 1670 2443 1731 praemisit.-

350 1750 526 1800 Ovidii
580 1751 1029 1815 Metamorphosis
1082 1749 1206 1813 (sic)
1262 1751 1454 1800 collata
1511 1766 1633 1800 cum
1678 1751 1804 1801 MS⁰
1851 1751 2049 1802 Codice
2095 1753 2227 1803 Jesu
2272 1753 2442 1804 Lova-

349 1836 555 1886 niensis
611 1836 703 1900 qui
757 1837 848 1885 lib.
895 1836 979 1886 IX.
1054 1838 1177 1900 post
1219 1852 1270 1885 v.
1312 1836 1414 1885 120
1460 1836 1764 1886 deficiebat.
1842 1838 1956 1900 ipse
2011 1838 2179 1888 codex
2233 1839 2447 1889 videtur

344 1923 565 1984 perisse.
636 1922 750 1985 fuit
783 1924 964 1971 autem
1002 1923 1313 1971 recentioris
1348 1923 1467 1971 sine
1503 1922 1671 1971 dubio
1707 1923 1914 1983 aetatis,
1960 1924 2154 1973 misere
2205 1925 2442 1987 interpo-

350 2006 508 2068 latus,
559 2008 791 2071 insignis
830 2008 1084 2071 plurimis
1133 2009 1295 2056 variis
1341 2007 1663 2057 lectionibus
1702 2009 1843 2057 inter
1876 2009 2046 2058 lineas
2081 2010 2311 2072 scriptis.
2384 2010 2445 2059 at

350 2093 439 2143 ille
475 2095 527 2143 ei
550 2095 759 2143 tantum
789 2094 992 2153 tribuit,
1033 2095 1094 2142 ut
1115 2094 1189 2142 sit
1214 2094 1269 2141 in
1288 2093 1666 2156 fundamentis
1689 2094 2019 2143 recensionis
2041 2090 2440 2157 Heinsianael).

350 2182 403 2228 et
454 2179 633 2240 habet,
692 2193 831 2241 quae
884 2179 1040 2228 haud
1081 2179 1402 2241 displiceant
1440 2180 1501 2227 ut
1533 2178 1567 2227 I
1597 2179 1703 2227 187
1741 2179 2109 2241 circumtonat,
2153 2180 2187 2229 Ι
2215 2180 2323 2230 370
2360 2194 2442 2230 se-

352 2264 584 2328 quentis,
634 2264 725 2313 III
756 2265 855 2313 631
906 2277 1063 2327 aque,
1125 2264 1174 2312 V
1202 2264 1272 2312 80
1317 2263 1552 2313 hamato.
1621 2264 1863 2326 potiores
1919 2266 2129 2314 tantum
2187 2265 2443 2314 lectiones

351 2350 622 2413 exscripsi.
662 2377 730 2383 -—
769 2350 820 2399 ei
853 2349 1047 2398 similis
1088 2349 1300 2398 videtur
1327 2349 1504 2412 fuisse
1540 2350 1594 2398 et
1630 2349 2136 2412 interpolationibus
2182 2352 2237 2400 et
2284 2350 2442 2400 turba

353 2437 621 2485 variarum
650 2435 938 2484 lectionum
966 2435 1176 2483 codex
1193 2434 1238 2483 S
1239 2435 1419 2497 proti
1427 2435 1447 2482 i
1455 2472 1467 2493 ‚
1496 2434 1652 2483 cuius
1679 2434 1933 2484 lectiones
1954 2434 2166 2497 aliquot
2188 2436 2439 2499 expressi.

353 2522 419 2570 de
457 2535 566 2582 quo
605 2521 660 2568 in
697 2521 847 2569 Mscr
868 2521 1002 2569 Diez
1026 2519 1211 2569 BSant
1245 2519 1382 2568 1482
1418 2518 1554 2568 haec
1593 2519 1862 2583 leynntur,
1902 2534 2043 2582 quae
2077 2535 2191 2570 non
2227 2522 2447 2585 scripsit

351 2606 690 2655 NHeinsius:
741 2604 917 2655 Ovidii
972 2605 1422 2669 Metamorphosis
1478 2604 1715 2654 Collatus
1770 2603 1894 2667 (sic)
1939 2620 2061 2655 cum
2104 2605 2210 2656 VC.
2264 2606 2441 2657 Caroli

351 2691 515 2740 Protii
551 2689 667 2752 (sic,
705 2691 804 2739 sed
839 2691 899 2754 cf
913 2691 996 2739 Hs
1032 2691 1107 2740 ad
1138 2690 1172 2739 I
1190 2688 1319 2752 155)
1355 2689 1719 2753 Aquisgranii.
1794 2690 1995 2739 desinit
2029 2690 2261 2752 collatio,
2300 2706 2444 2754 quae

351 2791 464 2826 non
501 2778 584 2825 est
618 2790 650 2825 a
688 2790 856 2825 manu
893 2776 1174 2836 NHeinsii,
1214 2777 1270 2824 in
1302 2776 1417 2840 fine
1455 2775 1580 2824 libri
1608 2775 1747 2824 VIII.
1799 2777 1980 2824 utrum
2018 2776 2094 2825 ad
2119 2777 2289 2840 finem
2326 2791 2443 2826 non

353 2864 427 2911 sit
454 2862 716 2925 perducta
752 2876 825 2911 an
863 2862 1031 2910 codex
1065 2875 1309 2922 mancus,
1350 2861 1611 2910 incertum
1650 2862 1745 2910 est.
1820 2860 1970 2909 hunc
2017 2875 2238 2923 quoque
2270 2862 2443 2911 Hein-

352 2949 469 2997 sius
499 2947 728 3010 plurimi
762 2948 1081 2996 aestimavit.
1144 2961 1244 2996 nec
1269 2947 1470 2996 desunt
1500 2946 1667 3008 plane
1693 2946 1947 2995 lectiones
1974 2946 2147 2996 bonae
2172 2949 2234 2996 ut
2254 2947 2443 2996 [1284

353 3034 560 3082 tantum
598 3034 805 3081 tantum
845 3046 1021 3096 super.
1788 3095 1791 3097 q

494 3117 560 3165 In
599 3117 768 3166 libro
803 3117 911 3166 XV
949 3118 1207 3179 quoniam
1254 3117 1435 3181 deficit
1480 3115 1546 3177 0,
1597 3118 1766 3165 artem
1825 3117 2062 3166 criticam
2119 3112 2442 3177 ἐκλεκτικῶς

354 3202 702 3252 exercendam
761 3215 879 3251 esse
934 3202 1061 3251 olim
1119 3201 1203 3265 (cf
1247 3202 1424 3265 Proyr
1474 3201 1563 3251 SG
1619 3198 1784 3262 1893)
1839 3201 2218 3251 demonstravi.
2293 3202 2448 3264 quod
2523 3215 2528 3217 ’

356 3300 690 3350 quamquam
731 3301 913 3336 verum
952 3301 1069 3336 esse
1106 3288 1402 3336 etiamnum
1442 3300 1648 3347 censeo,
1696 3288 1875 3335 tamen
1927 3287 1999 3336 ita
2045 3287 2443 3349 circumscribO,

358 3374 418 3421 ut
463 3373 637 3421 dicam
676 3388 710 3421 τ
731 3371 781 3421 F
809 3373 996 3421 ceteris
1032 3372 1315 3434 aliquanto
1346 3373 1637 3435 praestare.
1712 3371 1779 3420 de
1815 3372 1971 3420 turba
2005 3371 2328 3421 deteriorum
2367 3368 2445 3436 (ς)

356 3459 434 3507 eis
472 3471 613 3519 quae
649 3458 764 3506 dixi
799 3458 854 3505 in
895 3457 1197 3520 Conspectu
1234 3458 1497 3520 siqlorum
1518 3472 1559 3520 p
1579 3457 1615 3505 2
1632 3470 1810 3519 pauca
1835 3456 2028 3517 habeo,
2064 3470 2205 3518 quae
2226 3457 2442 3506 addam.

509 3542 767 3592 Codicum
801 3542 1288 3592 Ambrosianorum
1328 3543 1666 3592 collationem
1708 3541 1937 3604 beniyne
1972 3541 2113 3590 mihi
2148 3542 2447 3592 transmisit

503 3654 540 3703 1)
574 3654 631 3704 Cf
653 3655 717 3693 Hs
747 3655 804 3693 ad
821 3655 922 3693 VIII
954 3655 1058 3693 775.·
1087 3654 1147 3693 ita
1177 3654 1337 3703 optime
1367 3656 1562 3693 vetustus
1607 3653 1744 3693 codex
1773 3653 2066 3700 Lovaniensis‚
2097 3664 2183 3702 quo
2212 3664 2318 3692 usus
2347 3664 2445 3692 sum

358 3729 401 3765 et
426 3726 605 3776 passim.
