2580 4088
706 210 791 255 Ov.
822 210 1000 255 Metam.
1029 209 1129 255 Lib.
1149 210 1184 267 1,
1215 223 1260 255 v.
1291 213 1549 256 544—5472.
2088 216 2153 262 35

77 354 143 398 sic
171 364 201 397 e
228 365 256 396 s
285 366 324 408 ς,
355 352 463 395 item
492 351 585 402 (sed
613 356 823 406 spectans
852 350 1128 407 peneidas—
1078 350 1215 404 —ait,
1246 350 1384 404 hisce)
1414 365 1495 406 ςο
1494 350 1671 407 vulyo
1701 351 1810 395 olim
1860 355 1874 406 ξι

415 435 548 480 Victa
576 434 732 479 labore
761 434 886 490 fugae
917 440 1127 491 spectans
1155 434 1373 492 peneidas
1400 434 1548 479 undas

359 506 390 550 b
420 506 519 561 Qua
545 506 684 549 nimiu
713 506 862 562 placui
892 506 983 550 tell'
1016 506 1081 550 ait
1108 507 1200 551 isce
1227 509 1248 547 1
1275 506 1408 551 istam

365 589 389 621 c
418 575 514 630 Que
541 575 652 620 facit
680 581 732 619 ut
760 575 886 620 ledat
915 576 1135 621 mutando
1164 575 1254 630 pde
1282 575 1425 634 figam

359 659 386 690 a
414 646 502 690 Fer
527 635 608 703 pa}
635 646 733 702 inqt
763 652 851 702 ope
881 646 920 690 si
949 645 1140 690 flumina
1168 647 1278 690 nuffi
1309 645 1479 690 habeti⁸

361 715 392 759 d
421 716 511 761 Vix
539 718 624 773 pce
652 715 786 760 finita
814 721 974 771 torpor
1001 715 1156 772 grauis
1187 721 1378 771 occupat
1404 716 1485 760 art’

81 816 239 861 literae
267 814 299 860 b
321 827 344 859 c
365 828 392 859 a
415 813 445 858 d
474 829 503 858 a
532 828 579 858 m
608 815 851 858 recentiore
873 848 882 858 .
903 814 967 857 sic
996 815 1034 857 Ῑι
1081 816 1096 869 ΙΙ

418 913 552 958 Victa
580 912 737 958 labore
766 912 881 976 fugq
901 944 911 956 .
934 912 1066 956 tellus
1095 912 1161 955 ait
1180 944 1192 955 .
1211 911 1303 956 isce
1330 912 1403 956 uel
1438 912 1570 956 istam

421 982 516 1037 Que
543 982 655 1027 facit
683 988 735 1027 ut
763 983 890 1027 ledar
918 982 1139 1027 mutando
1167 982 1308 1038 perde
1336 982 1533 1036 figuram

420 1053 517 1107 Qua
543 1052 734 1097 nimium
764 1053 912 1109 placui
936 1088 945 1096 .
968 1058 1268 1109 spectansque
1296 1052 1516 1108 peneidos
1546 1051 1704 1096 undas.

420 1123 507 1168 Fer
533 1130 664 1180 pater
692 1125 793 1180 inqt
823 1136 956 1179 opem
980 1157 990 1167 .
1018 1125 1055 1167 si
1084 1123 1275 1167 flumina
1302 1136 1469 1167 numen
1498 1122 1691 1167 habetis.

78 1224 144 1268 sic
174 1224 195 1266 l
245 1223 262 1278 ΙΙ
303 1223 354 1267 in
385 1222 593 1267 omnibus
621 1222 769 1279 iyitur
803 1222 1026 1266 codicibus
1054 1224 1236 1276 eaecepto
1264 1234 1356 1265 uno
1386 1220 1432 1264 0
1461 1221 1544 1264 hae
1572 1223 1688 1265 duae
1707 1222 1928 1266 versiones
1947 1223 2164 1267 contami-

78 1295 215 1338 natae
243 1295 379 1337 sunt:

355 1380 390 1420 1.
422 1376 557 1421 Victa
588 1375 744 1421 labore
771 1376 896 1432 fugae
928 1381 1136 1432 spectans
1165 1375 1389 1420 Peneidas
1416 1375 1563 1420 undas

428 1447 526 1502 Fer,
556 1453 697 1504 pater,
727 1447 879 1502 inquit
908 1459 1056 1503 opem,
1086 1447 1125 1490 si
1154 1446 1343 1490 flumina
1371 1459 1538 1490 numen
1566 1445 1764 1491 habetis!

426 1517 526 1569 Qua
554 1517 740 1561 nimium
771 1517 934 1574 placui,
965 1517 1185 1561 mutando
1214 1516 1353 1572 perde
1380 1515 1590 1572 figuram.

419 1588 511 1632 Vix
538 1601 671 1643 prece
698 1586 832 1631 finita
859 1601 909 1641 sq

346 1675 389 1716 2.
420 1672 554 1717 Victa
582 1671 740 1716 labore
767 1670 892 1727 fugae
926 1669 1094 1723 Tellus,
1124 1669 1200 1725 ait,
1231 1668 1367 1722 hisce,
1396 1669 1470 1714 uel
1499 1669 1633 1714 istam

418 1743 545 1797 Quae
573 1741 683 1786 facit
710 1746 762 1785 ut
791 1740 946 1793 laedar,
975 1739 1196 1784 mutando
1225 1739 1365 1795 perde
1392 1739 1603 1796 figuram.

414 1813 503 1858 Vix
533 1825 666 1869 prece
693 1811 828 1855 finita
858 1824 908 1865 sq

77 1912 312 1968 duplicem
337 1911 638 1955 recensionem
666 1910 722 1953 ab
754 1910 853 1965 ipso
874 1911 1016 1965 poeta
1039 1909 1295 1965 profectam
1324 1908 1395 1952 hic
1422 1915 1706 1966 agnoverunt
1732 1913 1888 1959 Philol
1907 1915 2003 1959 LX
2018 1917 2050 1961 9
2064 1918 2166 1961 Zie-

78 1982 234 2038 linski,
265 1982 361 2026 Ind
393 1982 477 2026 lect
509 1979 671 2038 Gryph
700 1980 894 2031 1886s87
924 1994 948 2024 c
966 1981 998 2025 6
1014 1979 1220 2032 ΕΜααβ,
1248 1979 1464 2024 Festschr
1491 1981 1523 2037 f
1544 1981 1718 2027 Vahlen
1744 1997 1776 2039 p
1796 1984 1887 2030 337
1889 2000 1939 2042 sq
1959 1987 2162 2042 RHelm,

74 2054 116 2100 J
115 2054 172 2098 hb
197 2054 230 2110 f
246 2052 289 2098 cl
307 2053 431 2097 Altw
451 2051 562 2096 190]
583 2051 650 2095 II
664 2051 751 2096 254
769 2054 815 2095 et
834 2064 927 2106 app
949 2050 1003 2094 ed
1022 2064 1133 2106 eaeey
1144 2064 1183 2106 p
1203 2050 1293 2096 336
1307 2050 1549 2096 REhwald
1577 2054 1680 2108 (qui
1700 2055 1851 2100 tamen
1879 2071 2003 2102 nunc
2031 2059 2168 2104 aliter

77 2125 257 2180 sentit),
287 2137 437 2180 nuper
466 2122 727 2179 (Nikander
755 2123 854 2166 und
889 2121 1004 2166 Ovid
1031 2122 1067 2165 I
1087 2121 1156 2174 69,
1186 2121 1240 2177 cf
1260 2135 1375 2177 quae
1402 2122 1511 2167 dixi
1534 2122 1727 2167 BPhW
1747 2124 1865 2171 1909
1885 2127 1951 2183 Sp
1974 2127 2166 2184 123989)

86 2195 394 2252 WVollyraff.
424 2195 479 2251 cf
490 2194 627 2239 etiam
649 2192 789 2238 Studi
798 2207 837 2249 p
860 2193 945 2237 147
953 2207 1003 2248 sq
1028 2192 1303 2248 Oastiylioni
1316 2225 1328 2236 .
1348 2207 1428 2249 eqo
1439 2193 1647 2249 priorem
1665 2196 1913 2239 versionem
1932 2197 1987 2240 ab
2009 2197 2166 2243 Ovidio

69 2266 343 2323 profectam,
373 2265 580 2321 alteram,
608 2264 783 2308 saeculo
811 2264 1007 2321 fortasse
1037 2263 1083 2309 V
1105 2263 1174 2307 vel
1209 2262 1283 2307 VI
1306 2264 1444 2319 (certe
1474 2267 1583 2319 post
1616 2270 1891 2322 aryumenta
1918 2267 2167 2313 Metamor-

70 2336 278 2393 phoseon
306 2350 337 2379 a
357 2335 602 2380 Lactantio
630 2334 835 2391 Placido,
865 2335 946 2390 qui
972 2334 1156 2388 dicitur,
1185 2334 1410 2391 confecta)
1431 2335 1756 2391 interpolatam
1785 2350 1877 2380 esse
1904 2338 1960 2381 ab
1988 2338 2169 2383 homine

78 2408 220 2460 docto,
247 2407 328 2462 qui
354 2406 562 2463 fabulam
583 2405 854 2450 Ovidianam
884 2405 1027 2449 nollet
1045 2418 1302 2461 repugnare
1331 2406 1552 2460 omnibus,
1580 2420 1694 2461 quae
1714 2410 1758 2451 et
1782 2406 1945 2451 Graeci
1964 2409 2168 2464 (excepto

77 2477 278 2535 forsitan
305 2476 563 2532 Nicandro)
606 2479 652 2520 et
681 2476 848 2521 Latini
881 2477 937 2519 de
965 2475 1186 2531 Daphnes
1223 2476 1477 2520 mutatione
1507 2477 1815 2531 tradidissent,
1862 2478 2170 2523 demonstravi

19 2601 23 2606 ,
79 2547 278 2593 Hermes
305 2547 502 2592 XXXX
525 2547 683 2602 20489.

223 2633 413 2676 servatis
439 2631 582 2676 verbis
610 2645 724 2687 quae
751 2634 864 2676 sunt
883 2635 1095 2687 spectans
1114 2656 1164 2662 —
1180 2629 1361 2675 habetis
1380 2630 1486 2674 haee
1506 2633 1868 2687 temptaverunt:
1893 2645 2011 2689 quae
2038 2634 2164 2687 facis,

80 2707 134 2747 ut
160 2701 328 2755 laedar,
357 2701 524 2757 Tellus,
563 2706 645 2746 aut
673 2700 811 2753 hisce,
849 2701 926 2745 uel
955 2701 1098 2755 istam,
1143 2700 1244 2752 Qua
1270 2702 1459 2744 nimium
1488 2701 1548 2757 pl.
1580 2715 1639 2744 m.
1669 2715 1714 2757 p.
1743 2701 1937 2757 figuram
1968 2704 2055 2759 Hs,
2094 2705 2167 2748 del

82 2775 238 2818 tamen
257 2787 308 2817 vv
326 2772 416 2818 546
429 2771 519 2817 547
534 2772 640 2816 547·
658 2772 932 2816 assentiente
953 2771 1202 2815 Schradero
1221 2771 1342 2815 idem
1380 2772 1396 2826 ΙΙ
1435 2786 1488 2816 vv
1505 2772 1717 2821 546Ὰ547*ι
1744 2772 1819 2816 del
1846 2774 1978 2828 (prob
1999 2774 2167 2831 Haupt

31 2871 40 2888 .-
81 2845 175 2899 etp
194 2842 457 2898 9Braune)
483 2841 642 2898 Gieriy
675 2844 691 2896 ΙΙ
727 2841 807 2886 Ah
843 2842 926 2895 (vel
948 2841 1054 2892 Cur)
1073 2841 1262 2885 nimium
1292 2841 1462 2897 placui!
1487 2841 1640 2886 Tellus
1670 2847 1750 2886 aut
1777 2841 1900 2887 hisce
1930 2844 2005 2888 vel
2033 2845 2163 2889 istam

83 2913 208 2969 Quae
225 2913 337 2958 facit
363 2918 416 2957 ut
444 2912 614 2966 lauder,
643 2926 702 2956 m.
723 2926 764 2968 p.
787 2913 984 2968 figuram
1005 2912 1159 2956 Barm
1196 2911 1212 2968 ΙΙ
1248 2911 1334 2956 Cui
1354 2912 1541 2955 nimium
1561 2912 1724 2967 placui,
1754 2913 1831 2957 vel
1852 2926 1954 2957 eum
1975 2920 2025 2958 tu
2056 2915 2165 2959 siste

81 2984 159 3030 vel
171 2985 318 3037 istam,
335 2983 461 3037 Quae
474 2983 639 3028 facit—
651 2982 734 3040 fig.
754 2982 940 3040 Withof
962 2988 977 3037 u
997 2981 1190 3034 habetis,
1217 2982 1349 3037 Quod
1368 2982 1553 3026 nimium
1575 2983 1738 3039 placui.
1768 2983 1921 3028 Tellus
1945 2990 2024 3029 aut
2043 2985 2166 3031 hisce

19 3066 22 3067 ’
82 3054 158 3100 vel
186 3054 318 3099 istam
351 3054 476 3107 Quae
503 3053 614 3098 facit
640 3053 788 3099 Bothe
829 3058 844 3108 ΙΙ
883 3054 1004 3098 ‘haec
1031 3055 1155 3098 inter
1184 3067 1367 3097 cursum
1396 3067 1487 3108 per
1505 3067 1707 3109 pansam
1744 3055 1865 3098 dicta
1900 3059 2023 3108 sunt,
2059 3070 2167 3111 qua-

0 3182 3 3187 >
81 3127 270 3182 propter
287 3125 469 3169 dicendi
485 3124 749 3169 vocabulum
767 3125 1030 3181 geminavit.
1066 3125 1120 3181 cf
1140 3123 1212 3167 VI
1225 3123 1323 3167 281’
1343 3123 1473 3168 Jahn
1508 3127 1523 3179 u
1564 3124 1647 3169 Oui
1666 3124 1774 3169 nim.
1795 3124 1922 3180 plac„
1944 3126 2056 3171 deus
2077 3133 2165 3172 est:

85 3195 162 3241 vel
208 3195 319 3240 siste
346 3194 422 3240 vel
450 3195 598 3251 istam,
638 3194 764 3248 Quae
791 3194 901 3240 facit
938 3209 987 3250 sq
1016 3194 1141 3239 Fuss
1181 3195 1196 3248 ΙΙ
1237 3200 1448 3250 spectans
1475 3195 1526 3239 P.
1556 3195 1703 3239 undas
1733 3194 1816 3239 ‘fer
1831 3221 1882 3226 —
1901 3210 1944 3241 n.
1976 3196 2166 3242 habetis'

8 3296 21 3337 ζ
86 3265 423 3324 [inpatiensque
450 3278 592 3310 morae
619 3266 687 3309 vel
716 3266 1031 3321 exanimisque
1059 3270 1185 3308 metu
1213 3265 1281 3308 vel
1309 3277 1503 3321 spesque
1539 3264 1621 3309 ubi
1649 3264 1774 3309 nulla
1803 3265 1955 3323 datur]
1988 3267 2165 3320 ‘',tellus

5 3355 30 3394 ,ξ
635 3335 710 3376 910³
730 3346 869 3389 aquae
892 3336 987 3371 tacit
1007 3338 1051 3370 ut
1070 3335 1200 3370 laedar

7 3395 26 3442 a,
85 3348 162 3432 ait,
193 3377 329 3423 ‘hisce
356 3378 433 3423 vel
460 3377 608 3431 istam,
639 3346 730 3435 qua
757 3379 945 3422 nimium
975 3379 1124 3434 placui
1154 3377 1373 3421 mutando
1399 3391 1444 3433 p.
1459 3377 1530 3434 fig
1551 3377 1699 3434 Opusc
1717 3379 1814 3422 III
1831 3379 1916 3423 801
1946 3379 2126 3423 Bitschl
2154 3394 2169 3451 Π

86 3461 154 3507 sp.
181 3448 232 3493 P.
262 3447 421 3505 undas,
459 3447 544 3493 ‘fer
577 3451 731 3505 pater’,
774 3449 938 3505 inquit,
984 3444 1147 3504 ‘’opem
1171 3447 1180 3490 !
1230 3447 1429 3501 ‘’,Tellus
1465 3449 1560 3501 ait,-
1576 3448 1710 3493 ‘hisce
1746 3449 1819 3493 vel
1859 3450 2005 3501 istam,
2042 3449 2167 3504 Quae

4 3512 34 3567 ς’
86 3518 208 3572 facit,
238 3522 292 3562 ut
320 3518 488 3572 laedar,
509 3519 728 3563 mutando
757 3533 800 3576 p.
822 3519 904 3575 fig.
917 3519 927 3563 ἱ
950 3518 1146 3562 Merkel²
1184 3519 1200 3573 ΙΙ
1241 3530 1331 3574 qua
1359 3517 1546 3562 nimium
1567 3518 1730 3575 placui,
1757 3519 1923 3563 Tellus'
1944 3521 2011 3563 ait
2032 3519 2167 3565 ‘hisce

7 3591 45 3644 ²23·
87 3587 165 3634 vel
191 3588 325 3633 istam
345 3588 468 3643 Quae
486 3588 607 3642 facit,
637 3594 690 3633 ut
717 3589 872 3634 laedar
899 3603 957 3633 m.
977 3602 1022 3645 p.
1042 3587 1252 3644 figuram'
1272 3587 1438 3633 NJhbb
1459 3588 1584 3641 1895,
1603 3589 1690 3634 836
1707 3588 1919 3633 Bannier
1956 3594 1971 3645 u
2008 3591 2164 3647 opem!

13 3676 45 3710 >
88 3658 129 3703 si
154 3657 345 3703 flumina
372 3671 539 3704 numen
567 3657 758 3715 habetis,
790 3672 880 3716 qua
908 3660 1095 3703 nimium
1125 3658 1307 3703 distin-‘15
1336 3657 1531 3702 Ehwald

5 3715 82 4088 k
1262 3775 1264 3778 Δ
1769 3730 1829 3773 3*
