2580 4088
174 642 259 692 fab
292 640 321 681 5

176 898 259 948 fab
293 895 320 937 6

380 235 482 282 692
895 235 1119 280 Lactantii
1148 232 1321 278 Placidi
1351 232 1429 290 qui
1460 232 1623 276 dicitur
1651 232 1947 278 narrationes.

377 377 538 446 patris
575 377 854 445 voluntate,
897 378 1077 430 iratus,
1151 377 1277 430 deus
1316 390 1467 429 aures
1505 374 1615 427 eius
1652 374 1708 426 in
1745 375 1987 437 asininaS,
2025 377 2086 428 ut
2121 376 2299 429 essent
2334 392 2470 430 sem-

375 463 589 532 piterno,
645 462 828 527 effecit,
879 463 1026 514 cuius
1081 462 1332 514 iudicium
1379 460 1513 512 nulli
1558 461 1634 513 rei
1681 459 1886 513 faceret.
1949 460 2039 528 qui
2082 462 2260 514 tamen
2306 459 2471 514 fertur

376 547 547 601 Midas
597 563 709 600 esse
754 547 938 599 Matris
982 561 1203 613 magnae
1247 546 1401 598 filius.
1464 545 1539 597 sic
1588 544 1729 597 enim
1779 561 1899 597 cum
1941 545 2167 598 Hesiodo
2212 546 2471 599 consentit

379 632 591 687 Ovidius
767 630 951 686 Refert
990 646 1192 698 quoque
1232 630 1614 682 deformitatem
1651 630 1819 692 illius;
1858 645 2014 698 quam
2053 646 2174 683 cum
2209 633 2351 684 veste
2390 645 2471 683 ce-

377 719 517 778 laret,
573 719 633 769 ut
678 716 907 768 famulus
952 715 1081 768 vidit
1275 730 1443 782 neque
1483 715 1657 782 eloqui
1693 716 1879 783 posset,
1934 715 2055 782 quia
2111 714 2344 768 eiusdem
2390 714 2474 767 dei
2508 727 2533 766 5

376 804 606 855 mentem
645 802 677 869 ἦ·
714 801 770 852 in
807 815 957 853 aures
982 801 1210 853 haberet.
1275 801 1364 867 qui
1388 815 1567 852 rursus
1593 839 1604 852 .
1633 840 1643 852 .
1674 838 1684 850 .
1725 800 1910 852 obruta
1933 800 2129 853 harena
2153 799 2470 853 harundines

378 889 560 940 enatae
599 886 930 952 agitataeque
986 886 1139 938 vento
1178 884 1565 938 deformitatem
1600 884 1774 937 Midae
1818 885 2108 938 indicarent
2319 885 2467 939 Inter

376 972 590 1039 Sigeum
627 971 1023 1037 Rhoeteumque
1061 970 1436 1038 promunturia,
1475 986 1575 1037 quo
1611 970 1724 1022 loco
1763 985 1852 1022 ara
1885 970 2023 1023 Iovis
2049 970 2401 1039 Panomphaei
2437 986 2468 1023 a

376 1056 672 1125 Phrygibus
710 1058 790 1108 est
827 1057 1143 1119 consecrata,
1181 1055 1483 1107 Laomedon
1509 1054 1854 1123 Capys-filius
1891 1071 2012 1108 cum
2043 1055 2202 1108 Ilium
2239 1058 2465 1124 poneret,

373 1141 557 1209 Apollo
597 1157 658 1194 ac
694 1141 971 1209 Neptunus
1007 1141 1063 1192 in
1104 1140 1341 1193 homines
1380 1140 1515 1193 versi
1552 1155 1733 1208 operas
1771 1155 1892 1193 suas
1927 1140 1961 1208 †
1999 1141 2261 1194 aestimati
2296 1141 2363 1195 ad
2388 1157 2472 1194 ex·
2509 1149 2557 1191 1⁰

374 1226 681 1279 struendum
718 1241 929 1278 murum
969 1225 1307 1289 adduxerunt,
1344 1225 1419 1277 ita
1458 1226 1651 1289 tamen,
1687 1226 1748 1277 ut
1773 1225 2047 1293 Neptunus
2084 1225 2298 1294 perfidia
2332 1227 2469 1294 regis

372 1310 599 1364 offensus
654 1311 711 1363 in
765 1326 915 1377 agros
969 1310 1081 1363 eius
1136 1326 1279 1363 mare
1331 1311 1566 1363 mitteret
1620 1325 1904 1377 omnesque
1961 1309 2162 1364 fructus
2215 1311 2468 1378 obrueret,

373 1411 528 1464 supra
566 1411 724 1464 quam
759 1411 981 1464 poenam
1018 1397 1190 1463 coegit
1226 1411 1347 1448 eum
1382 1395 1671 1448 Hesionam
1706 1395 1870 1448 filiam
1905 1397 2138 1449 marinae
2162 1396 2469 1464 prostituere

371 1480 571 1534 beluae.
636 1496 738 1548 qua
784 1481 1004 1534 liberata
1049 1481 1113 1533 ab
1169 1480 1394 1533 Hercule
1438 1496 1619 1533 rursus
1662 1481 1718 1532 in
1773 1480 1954 1533 fraude
2002 1481 2262 1547 cognitus;
2309 1496 2470 1549 equos

372 1566 525 1630 enim,
565 1582 694 1633 quos
732 1567 796 1619 ob
836 1566 1060 1619 salutem
1097 1566 1310 1634 virginis
1343 1570 1527 1634 pactus
1567 1567 1691 1630 erat,
1729 1566 1776 1619 ei
1803 1567 2100 1633 abnegavit;
2137 1566 2355 1634 ideoque
2379 1566 2469 1619 ille

373 1652 663 1718 expugnato
717 1650 815 1704 Ilio
870 1650 1156 1704 Hesionam
1212 1652 1484 1719 abreptam
1538 1650 1825 1711 Telamoni,
1889 1651 1979 1719 qui
2030 1651 2199 1705 socius
2250 1651 2468 1705 militiae

513 1834 539 1876 1
569 1832 711 1888 patris
742 1846 814 1877 om
844 1833 905 1876 N
939 1833 954 1887 ΙΙ
994 1832 1163 1877 iratus.
1184 1833 1297 1879 deus
1325 1833 1504 1888 scripsi,
1537 1833 1650 1878 deus
1680 1833 1823 1877 iratus
1848 1832 1894 1875 O
1922 1832 1963 1879 V
1998 1833 2012 1889 ΙΙ
2050 1832 2163 1877 deus
2193 1846 2266 1876 om
2294 1832 2425 1890 vulyo
2450 1838 2467 1889 ss

993 1903 1025 1929 '2

369 1947 418 1990 in
447 1946 647 1990 asininas
676 1947 853 2002 scripsi,
883 1914 1083 1992 inaginas
1112 1948 1191 2002 Μ,
1222 1948 1422 2028 111381113ιὲ
1458 1946 1519 1989 N
1553 1946 1567 2001 ΙΙ
1613 1945 1818 1991 asininae
1847 1951 1899 1991 ut
1928 1952 2081 1992 essent
2109 1960 2250 2004 semp.
2273 1946 2466 2004 Vvulqo

1369 2014 1387 2038 S

367 2044 397 2088 2
427 2043 581 2089 effecit
619 2046 666 2091 V
689 2045 839 2102 vulgo,
883 2045 1030 2090 efficit
1074 2046 1120 2089 o
1171 2046 1185 2101 u
1235 2046 1347 2090 nulli
1377 2029 1442 2091 fei
1473 2046 1551 2099 M,
1599 2046 1775 2090 nullum
1820 2046 1885 2091 rei
1922 2047 1983 2090 N
2031 2047 2045 2102 n
2104 2046 2276 2092 faceret
2317 2046 2466 2104 vuzqo,

367 2116 569 2160 facerent
600 2115 646 2159 0
677 2116 724 2162 V
766 2116 783 2173 ΙΙ
831 2131 895 2161 an
933 2117 1187 2162 indicium?
1239 2119 1294 2161 ut
1328 2131 1488 2162 sensus
1526 2118 1590 2161 sit
1630 2117 1772 2161 ‘euius
1812 2118 1881 2161 rei
1908 2116 2031 2161 nulli
2059 2118 2095 2171 (i
2123 2132 2146 2161 e
2173 2116 2364 2172 nemim)
2395 2117 2466 2162 in-

369 2186 540 2230 dicium
570 2186 766 2244 faeeret’,
796 2188 851 2244 cf
871 2189 964 2232 met
993 2186 1075 2231 XI
1102 2187 1245 2243 ISOsq
1296 2189 1310 2244 ΙΙ
1362 2188 1440 2244 qui
1470 2194 1528 2232 ari
1556 2191 1658 2244 (pro
1689 2194 1747 2232 au
1776 2188 1796 2231 i
1823 2202 1847 2231 e
1875 2193 2027 2232 autem
2045 2189 2145 2240 .2)N
2242 2189 2273 2234 3
2302 2187 2467 2245 mydas

366 2258 437 2300 M
484 2259 498 2313 ΙΙ
549 2270 649 2302 esse
694 2271 767 2302 om
808 2259 870 2302 N
938 2258 1099 2304 esiodo
1128 2259 1209 2312 M,
1254 2259 1430 2316 esyodo
1464 2260 1525 2303 N
1568 2260 1583 2316 ΙΙ
1634 2258 1864 2304 consensit
1891 2259 1953 2302 N
2097 2261 2127 2304 4
2156 2258 2339 2305 obidius
2367 2260 2430 2304 N
2451 2260 2468 2316 ΙΙ

366 2329 420 2385 cf
441 2329 662 2386 Mylhoyr
692 2330 783 2376 Vat
808 2329 898 2374 III
931 2331 998 2387 10,
1030 2331 1059 2375 7
1088 2330 1139 2382 (I
1162 2330 1262 2383 226,
1291 2331 1322 2375 9
1349 2329 1494 2384 Rode)

510 2401 583 2445 Ex
610 2401 779 2446 harena
810 2401 975 2447 obruta
1003 2401 1053 2445 in
1082 2401 1360 2446 harundines
1381 2405 1493 2458 post
1524 2402 1610 2447 179
1638 2402 1705 2444 Μ
1817 2403 1847 2445 4
1876 2399 2210 2447 deformitatem
2248 2402 2293 2448 V
2313 2403 2465 2460 vulyo,

367 2461 767 2542 deformitat'e2M,
800 2486 1091 2570 deformitate
1119 2487 1174 2531 N
1218 2487 1233 2543 ll
1285 2499 1421 2543 quam
1452 2500 1525 2531 om
1554 2487 1615 2530 N
1647 2486 1690 2532 V
1733 2487 1748 2542 ΙΙ
1790 2485 1964 2542 uestem
1993 2487 2054 2530 N
2188 2487 2219 2532 5
2252 2487 2465 2532 lacunam

810 2558 835 2586 a

364 2600 511 2643 statui
559 2601 573 2655 ΙΙ
622 2558 808 2656 possetq
853 2594 1003 2645 eidedj
1046 2605 1246 2644 mentem
1277 2600 1372 2653 ἶΜ,
1416 2604 1576 2656 posset
1620 2599 1822 2644 eiusdem
1868 2599 1943 2644 dei
1991 2605 2190 2644 mentem
2221 2600 2274 2655 V,
2317 2602 2466 2657 possit

366 2671 492 2728 quod
522 2671 620 2715 eius
650 2671 724 2715 dei
753 2679 951 2716 mentem
981 2673 1036 2716 N
1083 2671 1098 2726 ΙΙ
1148 2676 1302 2716 mente
1333 2684 1464 2716 aures
1492 2670 1692 2715 Ehwald
1786 2671 1816 2715 6
1843 2670 2028 2715 haberet
2060 2671 2131 2714 M
2165 2669 2216 2724 V,
2245 2670 2465 2717 haberent

364 2757 426 2799 N
471 2755 486 2811 ΙΙ
539 2755 617 2812 qui
647 2770 802 2801 rursus
835 2757 881 2800 O
912 2756 968 2812 V,
1013 2756 1085 2800 cui
1114 2770 1148 2800 r.
1180 2755 1402 2813 Micyllus
1452 2756 1467 2812 ΙΙ
1511 2756 1725 2800 lacunam
1753 2755 1900 2800 statui
2005 2757 2031 2801 7
2062 2733 2460 2812 deformitat52M,

366 2826 657 2871 deformitate
685 2826 741 2870 N
783 2827 797 2882 ΙΙ
847 2827 997 2891 midee
1024 2828 1079 2871 N
1103 2827 1119 2883 ss
1147 2826 1416 2878 indicarent]
1448 2827 1513 2870 sie
1549 2826 1594 2869 0
1632 2826 1681 2884 V,
1711 2841 1774 2871 an
1802 2826 2094 2871 indicarunt?

506 2897 744 2953 Neptunus
774 2903 821 2942 et
850 2898 1003 2954 apollo
1033 2898 1082 2942 in
1110 2897 1319 2942 homines
1339 2901 1454 2954 post
1483 2898 1571 2943 193
1594 2898 1667 2940 Μ
1817 2897 1847 2942 8
1876 2897 2076 2954 Sigaeum
2113 2898 2462 2954 Rhoetaeumque

362 2969 676 3024 promontoria
706 2970 758 3023 V,
803 2970 931 3026 sigeu
961 2969 1151 3015 roetbeu
1174 2973 1214 3034 ‚ff
1235 2971 1270 3024 (i
1297 2984 1320 3014 e
1350 2969 1487 3027 quae)
1516 2969 1856 3025 promunctoria
1883 2971 1964 3025 M,
2009 2970 2187 3027 sigeum
2224 2969 2461 3015 rhoeteum

364 3040 702 3095 promunctoria
730 3042 785 3084 N
831 3041 846 3096 ΙΙ
902 3045 942 3102 ,q
968 3041 1071 3085 loeo
1100 3042 1173 3084 Μ
1219 3043 1234 3097 ΙΙ
1282 3054 1361 3085 ara
1399 3054 1472 3085 om
1505 3040 1577 3083 Μ
1620 3040 1636 3095 fl
1693 3039 2004 3096 Panomphaei
2039 3039 2107 3096 (cf
2137 3043 2230 3085 met
2255 3040 2340 3084 XI
2362 3039 2462 3092 198)

364 3109 511 3166 vulyo,
542 3111 740 3166 panopei
775 3111 883 3158 OV
980 3112 1011 3156 9
1039 3111 1237 3169 frigibus
1271 3113 1316 3156 0
1368 3112 1383 3167 ΙΙ
1433 3111 1668 3167 Panopeia
1706 3110 1970 3168 Phrygibus
1999 3112 2045 3158 V
2088 3111 2103 3167 ΙΙ
2153 3110 2277 3167 capis
2304 3110 2377 3154 Μ
2409 3108 2460 3164 V,

363 3179 482 3236 capis
511 3182 572 3225 N
588 3182 602 3237 ΙΙ
626 3195 726 3226 cum
759 3182 883 3226 illum
914 3185 1047 3236 (corr)
1076 3183 1132 3227 N
1247 3183 1366 3239 108q
1397 3181 1680 3236 e(ae)stimati
1709 3182 1781 3225 M
1805 3183 1858 3234 V,
1888 3182 2042 3226 stimat
2071 3184 2113 3227 ei
2141 3182 2202 3237 N,
2233 3181 2459 3226 aestuanti

363 3251 602 3306 Muncker,
633 3252 897 3297 aedificanti
917 3252 1129 3306 Ehwald,
1159 3254 1355 3309 pretium
1385 3257 1496 3297 aest.
1529 3252 1631 3306 (coll
1659 3253 1720 3297 ad
1739 3252 1911 3309 Pereyr
1929 3252 2046 3297 Aeth
2064 3252 2150 3297 214
2157 3266 2207 3308 sq
2228 3251 2456 3309 Lofstedt)

371 3321 592 3378 Weyman
615 3323 629 3378 ΙΙ
652 3322 983 3368 extruhendum
1013 3325 1092 3382 M,
1124 3324 1422 3369 estruendum
1453 3326 1515 3369 N
1625 3326 1682 3368 11
1712 3323 2000 3368 adduxeruut
2024 3324 2092 3380 N,
2123 3323 2183 3368 ad
2212 3322 2357 3368 duxel‘·
2375 3324 2456 3381 M,

364 3392 639 3438 addixerunt
667 3394 714 3440 V
736 3395 870 3451 vulyo
920 3395 935 3450 ΙΙ
987 3395 1154 3452 quibus
1183 3396 1400 3452 perfectis
1433 3401 1616 3452 pactum
1654 3407 1813 3439 aurum
1842 3394 2108 3439 Laomedon
2136 3393 2328 3451 negavit
2364 3394 2458 3438 add

363 3463 506 3518 vulgo,
538 3477 632 3508 non
661 3464 826 3509 habent
859 3464 905 3508 0
933 3466 980 3512 V
1023 3467 1039 3522 Ιῖ
1079 3466 1145 3511 ita
1177 3466 1351 3511 factum
1382 3472 1435 3511 ut
1463 3467 1652 3523 vulgata
1684 3466 1867 3511 lectione
1895 3468 2073 3522 recepta
2100 3466 2205 3510 coni
2230 3464 2456 3510 Mumlcer

362 3532 474 3587 13sq
495 3533 684 3579 hesiona
699 3536 778 3592 M,
800 3548 1017 3594 esyonem
1040 3537 1110 3591 N,
1127 3537 1329 3582 Hesione
1346 3538 1398 3587 V,
1421 3538 1655 3582 Hesionen
1675 3536 1808 3594 vulyo
1836 3538 1851 3592 ss
1879 3542 2018 3593 prost.
2040 3535 2158 3581 uelle
2176 3536 2238 3580 N
2316 3537 2374 3580 14
2401 3534 2454 3579 li·

1035 3593 1268 3635 promiserat²

363 3628 532 3675 berane
561 3631 740 3678 hercule
767 3634 824 3677 N
960 3636 1018 3680 15
1075 3642 1235 3693 paetus
1265 3642 1361 3681 erat
1389 3637 1461 3679 M
1574 3636 1631 3681 16
1658 3636 1849 3681 hesiona
1876 3635 1956 3688 M,
2001 3646 2219 3692 esyonam
2248 3634 2316 3690 N,
2358 3633 2453 3679 He·

362 3700 491 3744 sione
521 3702 574 3755 V,
605 3704 837 3748 Hesionen
865 3705 999 3762 vulyo

2509 1577 2556 1618 15
