2554 4094
804 786 1365 868 PRAEFATIO

187 963 246 1012 P.
288 961 511 1012 Ovidius
541 960 691 1009 Naso
727 960 1196 1022 Metamorphoses
1239 973 1386 1020 sua3‚
1424 957 1607 1007 adhuc
1643 970 1886 1007 crescens
1917 958 1971 1005 et
2000 957 2134 1005 rude

47 1060 278 1107 carmen,
311 1047 635 1109 priusquam
691 1059 758 1094 ex
796 1044 927 1094 urbe
962 1045 1305 1108 relegaretur,
1360 1043 1606 1093 nondum
1644 1056 1704 1092 se
1740 1042 1975 1092 edidisse
2022 1042 2136 1104 ipse

0 1116 6 1170 Ῐ
54 1127 351 1193 testaturl).
413 1130 643 1179 eundem
685 1132 740 1178 in
767 1130 955 1179 exsilio
991 1144 1104 1179 rem
1143 1131 1461 1179 retractasse
1497 1130 1551 1177 et
1592 1128 1857 1189 quaedam
1895 1128 2137 1176 mutasse

51 1217 216 1280 idque
269 1229 334 1266 eo
371 1215 615 1276 consili0,
674 1217 735 1263 ut
785 1216 1002 1278 yratum
1053 1215 1260 1278 faceret
1296 1213 1514 1264 Caesari
1547 1213 1801 1276 Augusto
1857 1213 1911 1262 et
1957 1225 2135 1274 poena

0 1295 4 1300 ’
52 1302 382 1362 liberaretur,
446 1314 559 1350 non
620 1301 738 1349 sine
805 1300 990 1362 aliqua
1062 1301 1175 1349 veri
1225 1298 1582 1348 similitudine
1635 1312 1813 1361 nuper
1864 1296 2142 1347 contendit

50 1386 459 1436 Maximilianus
482 1381 797 1447 Pohlenz2).
863 1385 1015 1447 quod
1047 1386 1098 1433 si
1122 1398 1305 1434 verum
1345 1385 1442 1444 est,
1482 1383 1732 1446 colliyere
1766 1383 1889 1431 licet
1923 1384 2140 1431 nostros

5 1506 10 1507 ν
57 1471 242 1532 libros,
282 1472 343 1520 ut
379 1471 477 1533 qui
509 1470 751 1520 habeant
785 1470 891 1519 hos
928 1469 1038 1518 duo
1078 1469 1225 1518 locos
1260 1482 1394 1517 sane
1419 1468 1797 1517 memorabiles
1832 1466 2142 1516 111141s42

53 1558 108 1606 et
129 1555 237 1606 XV
253 1556 363 1605 822
379 1569 462 1617 sq,
488 1555 662 1604 redire
684 1555 759 1604 ad
783 1555 920 1604 illud
941 1554 1266 1617 exemplum,
1306 1553 1470 1614 quod,
1512 1554 1573 1601 ut
1589 1552 1828 1615 principi
1853 1552 2138 1615 leyendum

55 1641 367 1702 traderetur,
404 1640 633 1690 Romam
666 1642 829 1703 poeta
868 1639 1081 1688 videtur
1112 1639 1326 1687 misisse
1361 1635 1446 1701 (cf
1464 1638 1585 1686 trist
1607 1637 1668 1686 II
1686 1637 1792 1686 557
1811 1636 1916 1699 sq).
1979 1639 2143 1698 atque

2 1735 4 1739 “
57 1726 423 1790 quaerendum
461 1727 558 1786 est,
598 1726 778 1774 utrum
825 1725 1003 1774 variae
1041 1723 1306 1786 quaedam
1346 1723 1602 1772 lectiones
1647 1724 1747 1771 aut
1791 1723 1864 1771 ad
1898 1722 2145 1785 sinyulas

60 1825 216 1862 voces
250 1810 527 1874 eliyendas
536 1805 584 1871 3)
618 1811 716 1859 aut
749 1809 825 1859 ad
865 1811 1008 1859 totos
1045 1823 1232 1858 versus
1268 1808 1679 1858 constituendos
1710 1808 2044 1870 pertinentes
2080 1821 2146 1856 ex

203 1961 247 2019 1)
277 1964 335 2016 C's
359 1965 459 2003 trist
484 1963 508 2002 l
538 1964 577 2015 7,
620 1964 678 2002 37
719 1962 828 2001 haec
872 1973 961 2002 non
1005 1964 1106 2000 sunt
1152 1962 1267 2001 edita
1296 1962 1350 2001 ab
1381 1963 1489 2012 ipso,
1534 1961 1602 2000 ΙΙΙ
1626 1960 1696 2008 14,
1726 1962 1780 2000 21
1811 1972 1863 2010 sq
1899 1960 2008 1999 illud
2037 1970 2146 2009 opus

3 2064 6 2092 ᾗ
58 2036 197 2087 potuit
227 2067 237 2076 .
270 2067 279 2076 .
314 2067 322 2076 .
354 2034 513 2074 certius
542 2043 569 2073 a
599 2044 769 2072 summa
812 2042 971 2072 nomen
1008 2032 1168 2071 habere
1198 2044 1352 2072 manu:
1403 2043 1519 2071 nunc
1559 2032 1845 2071 incorrectum
1875 2031 2025 2081 populi
2053 2040 2148 2080 per-

58 2107 177 2147 venit
204 2107 252 2146 in
280 2116 369 2147 ora.

203 2174 245 2232 2)
278 2177 336 2228 Cf
358 2175 599 2215 MPohlenz
626 2175 809 2214 Hermes
837 2174 1011 2214 XLVIII
1039 2174 1063 2213 1
1085 2186 1137 2223 sq
1167 2205 1177 2215 .
1196 2177 1310 2213 certe
1338 2175 1501 2213 mirum
1539 2176 1617 2221 est,
1644 2175 1820 2224 poetam
1851 2174 1905 2212 de
1934 2172 2149 2211 Actaeone

64 2250 174 2300 (met
199 2248 270 2287 III
296 2247 378 2286 141
395 2249 463 2298 sq)
509 2247 650 2286 dicere
697 2246 826 2285 haec:
870 2247 914 2284 at
957 2246 1069 2284 bene
1114 2245 1152 2284 si
1195 2254 1394 2295 quaeras,
1430 2245 1645 2284 Fortunae
1676 2244 1839 2283 crimen
1868 2244 1915 2282 in
1944 2243 2033 2290 1110,
2063 2253 2151 2281 11011

0 2311 9 2335 ⁵
64 2320 244 2360 scelus
287 2318 506 2358 invenies:
551 2317 669 2366 quod
712 2317 829 2355 enim
872 2316 1054 2355 scelus
1100 2326 1258 2355 error
1301 2315 1520 2355 habebat?
1578 2316 1632 2355 de
1658 2327 1706 2354 se
1737 2316 1832 2365 ipso
1863 2312 1982 2363 (trist
2008 2313 2151 2359 1V10,

0 2409 2 2448 3
63 2392 120 2432 89
136 2391 204 2442 sq)
253 2391 372 2438 scite,
416 2399 580 2438 precor,
626 2398 804 2426 causam
834 2418 843 2428 .
878 2418 887 2428 .
921 2418 930 2427 .
965 2397 1204 2426 errorem
1243 2386 1403 2435 iussae,
1441 2398 1530 2426 non
1560 2386 1768 2434 scelus,
1800 2396 1897 2424 esse
1926 2385 2057 2433 fugae
2089 2382 2156 2422 vel

0 2453 11 2476 ³²
64 2461 204 2502 inscia
230 2460 348 2511 quod
377 2460 540 2499 crimen
568 2458 768 2498 viderunt
796 2458 976 2506 lumina,
1000 2459 1176 2507 plector,
1210 2489 1218 2498 .
1252 2490 1260 2498 .
1294 2489 1304 2498 .
1336 2457 1414 2496 sed
1432 2461 1600 2507 partem
1630 2457 1764 2496 nostri
1785 2456 1976 2495 criminis
2007 2465 2155 2493 error

0 2532 2 2554 ³
65 2533 196 2573 habet
225 2530 344 2580 (trist
357 2531 478 2578 1115,
508 2530 563 2569 49
577 2531 659 2581 sq).
691 2530 798 2579 quid
810 2529 929 2578 quod
955 2529 1080 2568 exsul
1104 2540 1152 2568 se
1172 2531 1382 2579 conparat
1411 2530 1502 2579 ipse
1518 2540 1618 2567 cum
1637 2527 1874 2567 Actaeone:
1905 2537 1981 2565 cur
2009 2526 2154 2574 inpru-

67 2603 185 2644 denti
214 2602 387 2652 cognita
416 2601 544 2650 culpa
574 2600 711 2639 mihi?
769 2601 933 2639 inscius
963 2600 1204 2639 Actaeon
1233 2599 1340 2638 vidit
1370 2600 1465 2638 sine
1493 2602 1614 2638 veste
1644 2599 1848 2637 Dianam:
1878 2596 2040 2646 praeda
2074 2596 2154 2634 fuit

0 2661 3 2743 ᾗ
67 2674 248 2713 canibus
263 2684 351 2712 non
366 2672 510 2711 minus
526 2671 599 2710 ille
616 2672 707 2710 suis
724 2670 843 2720 (trist
855 2671 899 2709 II
919 2671 1003 2709 104
1020 2671 1102 2721 sq).
1142 2681 1193 2709 ac
1216 2682 1271 2709 ne
1293 2671 1402 2710 illud
1421 2671 1596 2719 quidem
1612 2669 1927 2719 neglegendum
1949 2679 2044 2707 esse
2062 2679 2155 2706 mo-

0 2745 3 2796 ξ
68 2746 168 2784 nuit
194 2743 399 2790 Pohlenz,
428 2743 547 2792 quod
570 2744 700 2792 poeta
730 2753 794 2788 ea,
825 2753 935 2791 quae
965 2742 1018 2781 de
1049 2742 1176 2780 laude
1195 2741 1387 2791 Auyusti
1413 2742 1582 2780 dixerat
1613 2739 1723 2788 (met
1748 2739 1830 2778 XV
1843 2738 1928 2776 446
1942 2739 2026 2786 sq).
2055 2748 2156 2775 auc-

72 2819 114 2856 ta
143 2817 189 2855 et
215 2815 434 2854 ornatiora
459 2815 661 2863 repetivit
689 2813 930 2862 Tiberiique
963 2814 1131 2852 addidit
1164 2813 1430 2851 mentionem
1467 2812 1669 2852 blandam
1709 2808 1777 2863 (ib
1796 2810 1882 2848 822
1896 2820 1961 2858 sq,
1981 2808 2067 2847 835
2082 2804 2156 2858 sq)

71 2889 117 2927 et
157 2886 275 2935 quod
310 2886 356 2924 in
400 2885 591 2924 carmine
621 2883 707 2931 illo,
752 2895 838 2933 quo
874 2884 932 2922 ad
965 2884 1307 2922 misericordiam
1334 2884 1549 2933 principis
1578 2882 1777 2932 confugit
1804 2879 1924 2928 (trist
1950 2879 2026 2930 II),
2056 2889 2156 2917 cum

15 3007 18 3009 Α
72 2953 226 3003 orm-et,
258 2958 308 2995 ut
329 2957 366 2995 is
384 2955 759 3005 Metamorphoses
789 2955 928 3004 leqere
948 2955 1215 3004 dianaretur,
1246 2953 1474 3003 adspicies,
1503 2954 1578 2999 ait,
1609 2954 1820 3003 quantum
1849 2949 2020 2989 dederis
2049 2948 2155 2987 mihi

71 3024 256 3078 pectoris
284 3027 392 3076 ipse,
422 3036 594 3076 quoque
622 3026 770 3065 favore
801 3025 935 3064 animi
967 3028 1128 3074 teque
1159 3027 1389 3073 tuosque
1427 3035 1618 3063 canam
1648 3022 1753 3076 (561
1770 3020 1860 3075 sq).

215 3098 258 3148 3)
286 3098 499 3145 Primum,
530 3098 581 3136 ni
603 3097 745 3147 fallor,
775 3096 859 3136 hoc
884 3096 1051 3146 placuit
1078 3095 1563 3145 Baumqarten-Crusio,
1609 3096 1687 3144 qui
1724 3095 1768 3134 in
1803 3094 1935 3144 praef
1956 3092 2159 3133 editionis

74 3170 180 3209 anni
198 3169 311 3208 1834
326 3179 358 3217 p
377 3168 438 3208 IV
460 3168 712 3216 certissime,
741 3168 815 3214 ait,
836 3178 1092 3216 persuasum
1112 3166 1266 3214 habeo,
1295 3166 1459 3204 fontem
1480 3165 1728 3215 multiplicis
1748 3164 1946 3204 lectionis
1961 3163 2046 3213 ipsi
2061 3162 2158 3202 Ovi-

75 3240 230 3280 dianae
274 3239 405 3279 aetati
452 3239 612 3287 deberi,
655 3240 842 3288 poetam,
886 3240 934 3277 ut
977 3238 1186 3277 affluebat
1229 3238 1269 3276 ei
1298 3247 1435 3276 venae
1464 3237 1653 3292 ubertas,
1684 3237 1842 3275 multos
1871 3236 1991 3275 locos
2020 3234 2158 3273 diver-

23 3316 26 3317 ’
76 3311 247 3351 sissime
291 3310 554 3359 conscriptos
599 3312 641 3348 et
687 3310 838 3349 ultima
882 3320 1017 3347 manu
1062 3308 1303 3347 elimandos
1351 3307 1596 3357 reliquisse,
1641 3310 1731 3347 tum
1782 3306 2033 3354 amicorum,
2084 3305 2159 3354 qui

75 3382 292 3421 maximae
320 3381 454 3430 partis
482 3382 754 3420 venustatem
783 3380 982 3419 admirati
1013 3380 1159 3418 omnia
1190 3381 1359 3417 servata
1388 3379 1563 3427 vellent,
1593 3378 1753 3417 iudicio
1783 3378 1829 3416 in
1859 3377 1946 3416 alia
1962 3376 2159 3425 exempla

77 3452 187 3492 alias
215 3452 426 3491 lectiones
454 3453 663 3501 receptas,
694 3451 881 3500 denique
910 3462 987 3500 per
1016 3451 1295 3499 insequentes
1325 3452 1488 3489 aetates
1518 3450 1656 3488 doctis
1685 3449 1844 3498 pariter
1864 3447 2159 3497 imperitisque

77 3522 324 3562 hominibus
369 3524 652 3572 opportunam
697 3521 970 3568 emendandi,
1014 3520 1210 3559 mutandi
1253 3522 1296 3559 et
1331 3521 1485 3569 quovis
1516 3520 1647 3559 modo
1678 3518 1906 3568 grassandi
1934 3518 2159 3557 materiam

77 3592 341 3643 propositam
369 3592 516 3632 fuisse.
574 3591 734 3631 similia
761 3591 1041 3641 protulerunt
1068 3590 1232 3629 ARiese
1263 3591 1308 3629 in
1335 3591 1465 3640 praef
1488 3591 1543 3630 ed
1551 3589 1569 3613 2
1595 3603 1627 3640 p
1658 3590 1757 3630 VIII
1781 3591 1825 3628 et
1853 3589 2017 3627 RHelm
2038 3589 2159 3627 Fest-

78 3663 228 3714 schrift
251 3665 278 3714 f
299 3663 459 3702 Vahlen
486 3675 519 3713 p
547 3664 643 3702 365.

1764 3730 1818 3768 a*
