2580 4088
372 212 478 260 496
1077 211 1326 255 Armorum
1356 207 1587 252 iudicium.
1627 205 1766 250 Aiax.

374 356 500 408 dure
537 354 838 417 Philoctete,
873 353 998 406 licet
1033 365 1294 405 exsecrere
1331 363 1614 416 meumque

374 441 628 494 devoveas
666 441 777 492 sine
813 438 915 490 fine
954 439 1111 504 caput
1148 435 1427 502 cupiasque
1467 433 1661 486 dolenti
2399 441 2472 482 330

375 542 460 579 me
498 526 594 578 tibi
630 524 762 578 forte
800 524 911 576 dari
947 526 1289 586 nostrumque
1326 519 1533 571 haurire
1572 533 1821 580 cruorem,

374 615 535 679 utque
573 610 652 662 tui
688 609 831 672 mihi,
869 608 943 659 sic
979 607 1072 658 fiat
1108 605 1204 657 tibi
1242 604 1387 671 copia
1422 602 1611 656 nostri:

375 700 428 749 te
465 699 643 748 tamen
681 692 953 759 adgrediar
988 704 1300 756 mecumque
1336 689 1580 742 reducere
1616 689 1755 741 nitar

374 783 591 848 tamque
628 779 734 831 tuis
770 778 938 845 potiar
974 775 1165 840 (faveat
1202 774 1484 838 Fortunal)
1524 774 1733 841 sagittis

378 882 536 934 quam
574 879 693 917 sum
730 861 1004 927 Dardanio,
1043 875 1199 927 quem
1236 859 1363 927 cepi,
1398 860 1516 912 vate
1554 860 1763 927 potitus,
2402 864 2476 905 335

377 966 537 1018 quam
573 962 821 1015 responsa
858 947 1013 998 deum
1050 946 1373 1012 Troianaque
1410 944 1520 997 fata
1554 944 1731 1004 retexi,

378 1050 537 1103 quam
576 1033 725 1100 rapui
761 1032 1018 1099 Phrygiae
1056 1031 1266 1097 signum
1302 1030 1566 1098 penetrale
1603 1030 1867 1082 Minervae

378 1120 617 1172 hostibus
657 1133 685 1170 e
720 1118 923 1170 mediis,
999 1118 1051 1168 et
1088 1131 1143 1168 se
1178 1115 1313 1190 „mihi
1350 1117 1599 1184 conparat
1635 1115 1799 1168 Aiax?

527 1204 728 1271 Nempe
766 1203 882 1266 capi
918 1202 1123 1254 Troiam
1162 1200 1506 1269 prohibebant
1540 1200 1650 1253 fata
1686 1200 1798 1253 sine
1834 1199 1947 1252 illo:

379 1289 526 1342 fortis
564 1288 655 1340 ubi
693 1289 774 1341 est
809 1287 977 1341 Aiax?
1050 1286 1142 1338 ubi
1181 1287 1305 1338 sunt
1338 1285 1573 1353 ingentia
1609 1284 1789 1352 magni
2406 1289 2480 1331 340

380 1376 542 1428 verba
578 1373 707 1426 viri?
780 1387 872 1424 cur
908 1372 993 1424 hie
1029 1372 1255 1424 metuis?
1330 1386 1423 1423 cur
1460 1370 1618 1423 audet
1656 1370 1834 1425 Ulixes

379 1460 453 1511 ire
491 1474 583 1527 per
620 1457 862 1510 excubias
900 1459 953 1509 et
990 1472 1044 1509 se
1083 1457 1408 1510 committere
1444 1455 1586 1509 nocti

1002 1627 1021 1665 i:
1041 1631 1100 1665 1112

523 1683 611 1728 329
639 1683 744 1726 Iure
771 1697 814 1737 μ
835 1694 880 1737 p
911 1696 951 1737 ς,
998 1681 1119 1725 Dure
1148 1682 1206 1734 F,
1238 1681 1349 1725 Dire
1388 1695 1415 1736 ς
1465 1681 1479 1736 ΙΙ
1529 1679 1781 1737 phiolotcte
1824 1695 1879 1735 μ,
1924 1678 2211 1737 phyloctccte
2253 1689 2285 1723 e
2311 1677 2329 1734 Ι
2357 1689 2481 1721 exer·

383 1767 484 1800 cere
528 1752 729 1797 ceDresd
773 1755 817 1797 et
864 1751 985 1796 Goth
1023 1750 1095 1801 R.
1141 1765 1349 1796 execrere
1403 1752 1441 1794 h
1485 1764 1515 1796 e
1699 1751 1788 1797 330
1830 1747 2328 1795 Defoueas—dolendi
2366 1753 2483 1800 (corr

383 1840 430 1869 m
459 1825 504 1878 2)
535 1826 591 1868 F
701 1823 786 1869 331
816 1823 869 1877 (ti
899 1824 918 1867 i
945 1838 971 1867 r
1000 1839 1045 1868 m
1075 1823 1171 1874 3)bi
1201 1835 1243 1867 n
1384 1823 1472 1868 333
1499 1822 1586 1868 332
1616 1837 1643 1878 ς
1793 1822 1882 1868 332
1911 1822 2024 1866 ‘Aut
2051 1822 2180 1866 valde
2209 1821 2484 1877 depravatus

382 1898 452 1939 est
480 1895 551 1939 hie
579 1908 734 1939 versus
753 1897 838 1938 aut
855 1895 1172 1938 adulterinus'
1201 1894 1288 1946 Hs,
1319 1895 1392 1938 del
1412 1896 1522 1949 post
1538 1894 1772 1938 Moretum
1794 1893 1984 1947 Merkel,
2016 1893 2116 1950 deff
2132 1895 2240 1948 post
2259 1891 2483 1936 Bothium

383 1965 579 2010 Ehwald
612 1965 735 2021 (App
766 1979 815 2008 er
843 1966 897 2009 ed
926 1979 1040 2022 exey
1068 1980 1100 2021 p
1123 1965 1222 2015 406)
1252 1969 1297 2010 et
1317 1965 1408 2018 (Rh
1427 1965 1539 2009 Mus
1557 1965 1610 2010 N
1622 1965 1671 2009 F
1687 1964 1810 2009 LVI
1826 1965 1927 2017 358)
1960 1964 2117 2019 Helm,
2161 1967 2298 2020 atque
2325 1962 2403 2007 ille
2430 1964 2487 2007 ut

383 2039 583 2080 censeret
619 2042 670 2079 ut
707 2036 827 2079 idem
867 2049 958 2079 esse
996 2037 1117 2091 quod
1156 2036 1286 2092 licet,
1331 2036 1402 2080 hie
1440 2039 1495 2081 ut
1537 2036 1875 2080 coniunctivum
1920 2035 2007 2080 fiat
2039 2036 2242 2092 pendere
2285 2034 2419 2079 vellet
2455 2048 2485 2077 a

375 2106 671 2162 praecedenti
707 2107 972 2163 cupiasque;
1003 2109 1080 2151 sed
1122 2108 1186 2151 sie
1228 2108 1411 2151 videtur
1446 2108 1871 2162 interpretandum:
1920 2109 1988 2151 ‘ut
2017 2107 2087 2150 tui
2113 2105 2341 2162 quondam
2369 2103 2487 2150 mihi

384 2178 515 2233 copia
554 2177 682 2233 faeta
718 2180 786 2221 est
823 2176 943 2234 (eum
987 2192 1057 2221 me
1096 2181 1279 2223 auctore
1320 2178 1490 2222 Lemni
1517 2178 1704 2222 relictus
1734 2180 1809 2233 es),
1839 2178 1904 2221 sie
1932 2180 2087 2232 (nune)
2116 2177 2202 2233 fiat
2237 2175 2321 2222 tibi
2355 2175 2485 2231 copia

386 2249 536 2292 nostri
547 2249 572 2301 ',
601 2249 655 2305 ef
675 2248 748 2292 De
779 2248 885 2292 locis
913 2249 1110 2304 quibusd
1136 2264 1167 2305 p
1201 2248 1284 2292 XI
1306 2249 1474 2294 Pascal
1521 2249 1536 2304 ΙΙ
1585 2248 1698 2292 mihi
1728 2248 1789 2293 sit
1817 2248 1902 2293 fiat
1932 2248 1989 2292 F
2012 2263 2040 2304 ς
2068 2247 2116 2293 Β
2143 2247 2336 2304 Madvig]
2364 2247 2484 2301 (Adv

1563 2323 1582 2361 l
1605 2320 1679 2360 εἰο2

384 2390 434 2420 er
450 2375 516 2419 II
531 2376 622 2429 91»,
651 2377 732 2431 qui
749 2389 927 2420 versum
946 2376 998 2420 in
1011 2375 1214 2431 parentk
1233 2375 1408 2432 posuit,
1439 2376 1575 2421 michi
1597 2376 1658 2420 sit
1684 2392 1726 2432 μ
1758 2378 1772 2429 ΙΙ
1800 2375 1866 2420 sic
1883 2375 1969 2420 tibi
1988 2375 2073 2420 fiat
2100 2389 2136 2431 9
2165 2374 2180 2432 ΙΙ
2207 2374 2321 2420 mihi
2340 2375 2401 2419 sit
2419 2375 2485 2420 sic

388 2448 447 2490 sit
474 2446 563 2491 tibi
591 2446 712 2491 eBas
840 2446 985 2502 332sq
1013 2460 1192 2491 versum
1220 2447 1311 2492 333
1335 2447 1401 2492 Te
1430 2448 1776 2492 tamen—nitar
1805 2447 1970 2492 habent
1996 2448 2053 2491 F
2072 2449 2111 2491 h
2140 2462 2167 2503 ς
2196 2446 2308 2502 VA,
2341 2460 2415 2491 om
2441 2461 2484 2502 μ

385 2529 417 2562 e
443 2530 485 2561 n
515 2530 551 2572 9
581 2532 608 2573 ς
643 2520 658 2573 ΙΙ
693 2518 759 2562 Te
788 2523 940 2562 tamen
969 2518 1213 2574 aggrediar
1240 2532 1324 2563 nec
1353 2519 1524 2563 inultus
1545 2532 1678 2576 spero
1708 2519 1936 2575 relinquar
1955 2519 1990 2572 (i
2007 2532 2085 2575 my
2103 2519 2188 2575 u2)
2218 2533 2246 2575 ς
2264 2517 2325 2572 R,
2354 2518 2422 2564 Te
2450 2523 2482 2565 t.

642 2592 660 2630 1
682 2597 737 2631 sic
761 2606 975 2640 mecumque
996 2597 1172 2632 reducere
1194 2590 1311 2632 nitar-³

388 2645 631 2702 aggrediar
649 2647 787 2702 longe
806 2646 1049 2691 formidine
1068 2647 1201 2703 pulsa
1220 2648 1240 2691 i
1258 2661 1334 2703 my
1365 2648 1435 2700 3³,
1465 2647 1532 2692 Te
1552 2652 1583 2691 t.
1605 2660 1734 2703 aggr.
1757 2646 1897 2702 longe
1915 2645 2160 2691 formidine
2187 2646 2320 2702 pulsa
2348 2660 2388 2702 ς,
2417 2644 2484 2690 Te

385 2721 418 2759 t.
440 2716 649 2772 agrediar
668 2730 726 2761 m.
748 2717 839 2763 red.
855 2717 973 2762 nitar
993 2719 1013 2761 i
1031 2732 1108 2774 my
1130 2724 1191 2769 (m
1211 2718 1258 2772 3)
1277 2730 1332 2772 n,
1363 2718 1430 2762 Te
1449 2725 1482 2762 t.
1504 2731 1631 2774 aggr.
1654 2731 1829 2762 mecum
1850 2723 1897 2762 te
1927 2717 2091 2761 ducere
2118 2717 2239 2761 nitar
2258 2714 2483 2772 eRhenov,

391 2787 457 2831 Te
486 2793 519 2830 t.
550 2801 675 2844 aggr.
707 2788 953 2845 castrisque
982 2789 1076 2834 red.
1106 2790 1228 2833 nitar
1255 2788 1335 2846 fry
1365 2788 1590 2834 Boaehorn
1620 2792 1664 2834 et
1690 2789 1956 2834 eJnnianus
1985 2788 2149 2845 Burm,
2195 2788 2263 2833 Te
2290 2793 2323 2832 t.
2354 2801 2483 2844 aggr.

389 2857 566 2903 sollerti
595 2863 781 2914 pectore
809 2859 934 2903 fidus
964 2874 991 2916 ς
1041 2860 1055 2915 Η
1106 2873 1375 2916 mecumque
1415 2860 1509 2905 red.
1539 2860 1659 2904 nitar
1695 2859 1770 2904 del
1798 2863 1922 2912 (‘non
1951 2859 2075 2903 enim
2103 2859 2259 2904 dubito
2291 2858 2412 2904 hune
2439 2861 2485 2905 et

381 2929 545 2984 plnres
574 2930 629 2973 ab
653 2929 813 2974 Ovidio
833 2944 990 2975 versus
1009 2931 1189 2975 relictos
1211 2930 1514 2988 imperfectos,
1545 2945 1654 2987 quos
1683 2931 1813 2975 scioli
1821 2933 1986 2986 postea
2013 2929 2327 2987 suppleverint
2338 2930 2366 2984 ')
2394 2929 2482 2983 Hs,

388 3003 435 3042 te
463 3004 493 3042 t.
528 2999 787 3055 aggrediar:
832 3001 918 3045 fiet
961 3001 1045 3046 tibi
1091 3003 1221 3058 copia
1265 3003 1410 3046 nostri
1439 3002 1649 3060 Bentley,
1699 3007 1746 3046 te
1782 3007 1814 3045 t.
1855 3014 1983 3057 aggr.
2015 3001 2097 3055 (sio
2134 3000 2194 3045 fit
2227 3000 2315 3046 tibi
2351 3001 2486 3057 copia
2572 3032 2580 3036 >

389 3070 552 3123 nostri)
598 3075 784 3127 tamque
826 3072 918 3116 tuis
946 3086 995 3127 sq
1023 3072 1092 3116 Pr
1121 3072 1365 3117 Blankenb
1406 3073 1530 3127 1847,
1578 3073 1638 3118 13
1678 3071 1954 3127 OHMilller,
1997 3071 2064 3116 Te
2106 3076 2256 3116 tamen
2301 3085 2356 3128 a.,
2399 3084 2485 3116 nee

393 3138 578 3194 inultus,
627 3154 774 3196 spero,
818 3141 1070 3198 relinquam
1105 3157 1144 3199 p
1193 3144 1222 3187 4
1264 3143 1460 3188 Braune
1509 3145 1524 3200 ΙΙ
1574 3157 1705 3188 versu
1747 3142 1838 3188 333
1879 3142 2022 3187 deleto
2066 3141 2277 3187 lacunam
2318 3142 2487 3187 statuit

392 3208 589 3254 Ehwald
730 3211 817 3257 334
844 3212 1002 3258 faueas
1031 3213 1244 3259 eeBonon
1274 3218 1318 3259 et
1345 3215 1438 3259 Pal
1550 3214 1638 3261 335
1667 3227 1767 3259 cum
1799 3214 1928 3270 coepi
1959 3213 1995 3267 (i
2022 3226 2046 3256 e
2073 3226 2176 3258 eum
2205 3212 2376 3258 decrevi
2403 3212 2484 3257 illo

394 3283 552 3340 potiri,
591 3283 678 3328 coll
705 3282 789 3326 IX
814 3284 913 3338 115)
943 3284 1092 3330 Bothe
1260 3286 1351 3332 336
1380 3287 1476 3332 rexi
1507 3291 1627 3340 (corr
1656 3301 1702 3330 m
1731 3285 1777 3335 2)
1806 3286 1862 3329 F
2024 3283 2110 3330 337
2139 3282 2288 3340 rapuii
2322 3283 2485 3343 frigriq
2571 3353 2575 3356 ι

391 3396 488 3449 (sic)
518 3397 575 3439 F
697 3396 784 3442 338
813 3404 1048 3455 comparat
1075 3412 1106 3444 e
1132 3411 1175 3443 n
1203 3413 1240 3455 9
1269 3415 1297 3455 ς
1328 3414 1365 3441 ω·
1394 3400 1524 3445 Jahn
1543 3399 1688 3455 vulgo,
1719 3354 1907 3455 οόῗὲῗῗτ
1932 3399 1993 3451 F,
2023 3401 2253 3454 comperat
2278 3412 2333 3455 μ,
2362 3410 2484 3442 com-

391 3471 520 3521 paret
563 3481 591 3523 ς
636 3467 711 3511 Hs
753 3467 888 3524 vulgo
933 3469 1056 3523 olim,
1102 3470 1307 3514 conferat
1350 3470 1421 3526 (ef
1442 3485 1469 3515 v
1497 3471 1546 3526 6)
1591 3471 1629 3514 h
1665 3485 1693 3526 ς
1720 3468 2127 3526 Baumy-C'msius
2293 3467 2384 3514 339
2410 3467 2486 3513 del

392 3535 745 3582 Bellermannus
795 3539 809 3594 ΙΙ
859 3538 949 3583 illis
978 3553 1009 3584 e
1036 3555 1064 3596 ς
1091 3539 1260 3594 Burm,
1290 3544 1309 3583 1
1336 3541 1415 3585 illo
1444 3541 1471 3585 i.
1504 3541 1693 3598 palladii
1722 3540 1857 3596 signo
1885 3553 1981 3584 eser
2008 3539 2069 3584 02
2208 3538 2297 3584 340
2323 3538 2404 3583 ubi
2433 3551 2483 3584 es

392 3619 516 3650 unus
535 3607 824 3653 Heinsianus
853 3607 870 3665 ΙΙ
896 3610 1000 3654 aiax
1021 3610 1101 3655 ubi
1133 3617 1202 3655 est
1230 3611 1268 3654 h
1379 3612 1464 3658 341
1496 3624 1575 3656 cur
1594 3611 1705 3656 haec
1732 3624 1770 3667 9
1809 3611 1824 3667 ΙΙ
1864 3609 2043 3664 metui(t
2069 3610 2090 3654 i
2116 3612 2157 3663 r)
2186 3609 2236 3663 h,
2266 3609 2428 3654 metuit
2454 3623 2486 3665 ς

394 3675 484 3720 342
512 3676 634 3721 hosti
674 3679 814 3730 (nocti
842 3680 863 3723 i
889 3694 967 3737 my
995 3694 1042 3725 m
1070 3681 1115 3733 2)
1147 3694 1176 3727 e
