2580 4088
383 270 487 317 696
892 270 1116 315 Lactantii
1146 269 1320 315 Placidi
1351 270 1428 326 qui
1460 268 1628 314 dieitur
1654 269 1949 315 narrationes.

1244 736 1458 790 LIBER
1493 737 1616 790 XII.

532 922 560 973 I
599 921 819 987 Serpens
856 920 910 971 in
947 919 1173 987 lapidem

503 1005 559 1057 II
593 1005 866 1072 Iphigenia
902 1004 957 1055 in
995 1019 1200 1057 cervam

473 1090 556 1141 III
593 1090 805 1157 Cygnus
841 1090 892 1140 in
934 1104 1083 1141 avem

445 1175 556 1227 IIII
593 1174 779 1228 Caenis
816 1175 869 1225 in
908 1174 1171 1227 volucrem
2506 1184 2531 1224 5

510 1260 558 1311 V
593 1261 985 1327 Periclymenus
1021 1261 1076 1311 in
1112 1260 1263 1327 plura
2571 1247 2573 1250 ⁴

478 1344 555 1397 VI
593 1345 775 1412 Apollo
810 1344 865 1395 in
901 1343 1254 1396 Alexandrum

149 1439 233 1491 fab
261 1437 286 1479 1
316 1437 350 1479 2
518 1429 879 1496 Agamemnon
925 1429 1072 1481 Atrei
1119 1431 1173 1480 et
1219 1431 1444 1496 Aeropes
1492 1429 1656 1493 filius,
1711 1429 1814 1481 dux
1859 1429 2196 1492 Achivorum,
2246 1444 2368 1482 cum
2413 1429 2469 1480 in

378 1514 567 1567 Aulide
603 1514 739 1566 Iovis
785 1529 932 1566 sacra
984 1511 1321 1574 ministraret,
1368 1513 1634 1582 conspexit
1683 1514 1961 1566 draconem
2006 1515 2060 1566 in
2098 1514 2292 1577 arbore,
2335 1527 2468 1581 quae

379 1600 716 1668 impendebat
753 1614 885 1661 arae,
931 1599 1139 1666 lapsum
1188 1599 1253 1651 ad
1301 1599 1485 1651 nidum
1522 1600 1764 1660 volucris;
1815 1600 1963 1652 cuius
2007 1601 2122 1652 octo
2157 1599 2314 1666 pullis
2350 1613 2470 1651 con-
2506 1607 2554 1650 lo

381 1684 604 1753 sumptis
642 1685 707 1736 ab
755 1684 936 1736 eodem
981 1686 1247 1751 serpente,
1297 1685 1576 1737 novissime
1625 1685 2027 1737 circumvolante
2076 1687 2243 1736 matre
2279 1683 2468 1751 aquila,

382 1785 659 1822 conversus
697 1770 752 1820 in
785 1784 968 1821 saxum
996 1773 1090 1821 est.
1157 1785 1258 1836 quo
1296 1770 1528 1837 prodigio
1554 1769 1789 1831 Calchas,
1814 1769 2078 1823 Thestoris
2113 1769 2267 1834 filius,
2303 1783 2470 1836 augur

379 1854 659 1922 respondit,
707 1869 797 1921 per
841 1869 1027 1907 novem
1077 1869 1239 1906 annos
1275 1854 1330 1905 in
1365 1854 1617 1907 Troadem
1656 1855 2006 1923 dimicaturOS,
2056 1854 2255 1907 decimo
2291 1857 2468 1908 aute-m

381 1955 468 1991 eos
503 1938 601 1992 Ilio
638 1941 908 2007 potituros·
984 1938 1150 1990 fertur
1187 1940 1363 1991 autem
1402 1941 1580 2007 portus
1617 1939 1861 1992 Boeotiae
1899 1939 1985 1992 hic
2022 1955 2150 2002 esse,
2195 1939 2287 1993 ubi
2322 1940 2467 1993 mille

379 2039 538 2076 naves
595 2024 822 2076 adversis
875 2025 1276 2091 tempestatibus
1330 2025 1612 2076 stetissent.
1686 2025 2010 2077 morantibus
2065 2026 2206 2078 enim
2259 2025 2469 2078 Achivis
2507 2032 2554 2074 15

380 2109 720 2176 respondetur
759 2123 790 2160 a
826 2107 1110 2162 Calchante
1148 2124 1253 2160 non
1292 2110 1413 2160 ante
1452 2108 1646 2161 classes
1682 2123 1830 2176 posse
1874 2110 2082 2173 moveri,
2133 2124 2292 2177 quam
2328 2109 2470 2178 Iphi-

381 2194 587 2260 geniam
628 2195 772 2262 pater
807 2193 1126 2246 inmolasset.
1180 2209 1312 2260 quae
1351 2209 1472 2246 cum
1519 2209 1610 2262 pro
1647 2209 1702 2245 re
1743 2194 2008 2246 communi
2048 2195 2113 2246 ad
2150 2210 2295 2247 aram
2333 2200 2469 2248 esset

381 2280 652 2347 applicata,
702 2279 839 2330 inter
888 2278 1202 2331 sacrificium
1257 2277 1495 2331 obductis
1543 2279 1771 2332 nubibus
1820 2294 1851 2331 a
1886 2279 2056 2332 Diana
2102 2281 2252 2348 rapta
2299 2281 2382 2333 est
2417 2282 2471 2333 et

513 2451 574 2504 liB
605 2460 694 2503 XII
724 2461 805 2514 M,
835 2459 997 2515 Explic
1026 2459 1091 2503 lib
1121 2459 1192 2503 XI
1215 2459 1356 2517 Incip.
1388 2459 1478 2503 XII
1506 2460 1565 2503 N
1597 2463 1612 2508 l!
1655 2460 1781 2504 tituli
1807 2460 1945 2504 huius
1975 2459 2082 2505 libri
2108 2460 2332 2517 adscripffi
2357 2462 2471 2506 sunt

379 2532 515 2575 iuoeta
557 2532 765 2586 fabulam
803 2532 832 2576 4
859 2532 879 2576 i
909 2545 982 2587 my
1026 2531 1085 2574 N
1250 2530 1281 2575 3
1308 2530 1524 2587 Efigenia
1560 2532 1638 2587 M,
1683 2531 1973 2586 Ensigeniam
2004 2533 2070 2585 N,
2114 2531 2397 2588 Iphigeniam
2427 2532 2476 2578 V

378 2603 407 2645 4
438 2603 596 2657 cignus
624 2603 698 2646 M
835 2603 865 2646 5
895 2602 1045 2646 Caenis
1075 2602 1129 2655 V,
1169 2614 1279 2646 cene
1310 2602 1387 2658 Μ,
1432 2596 1613 2656 cene('i
1641 2617 1663 2646 e
1692 2616 1746 2646 us
1786 2603 1878 2647 add
1907 2617 1953 2646 m
1981 2604 2027 2657 3)
2070 2604 2131 2647 N
2227 2603 2258 2648 6
2285 2602 2468 2648 Pericli-

379 2686 540 2717 menus
572 2672 618 2716 0
667 2674 682 2727 ΙΙ
732 2675 779 2716 in
809 2673 962 2717 varias
991 2672 1166 2728 figuras
1194 2673 1331 2728 vulyo

521 2744 706 2800 fabulae
737 2744 761 2787 I
792 2747 837 2788 et
863 2744 896 2787 2
921 2744 1019 2787 sine
1057 2757 1246 2787 numero
1275 2745 1360 2788 aut
1389 2743 1524 2787 titulo
1560 2747 1816 2799 sequuntur
1854 2744 2013 2789 titulos
2057 2743 2171 2788 libro
2202 2743 2318 2789 XII
2330 2757 2468 2799 prae-

377 2815 550 2870 positos
578 2816 629 2859 in
657 2816 737 2871 M,
768 2814 1027 2870 adscriptae
1055 2817 1167 2858 sunt
1194 2814 1214 2858 i
1242 2828 1319 2871 my
1351 2814 1457 2858 libri
1485 2813 1570 2858 XI
1591 2816 1805 2860 exeuntis
1833 2815 1886 2859 in
1916 2816 1975 2859 N
2111 2815 2141 2860 8
2169 2817 2468 2871 Agamennon

379 2927 517 2981 MV,
547 2928 818 2982 Agamenon
849 2929 909 2972 N
954 2930 969 2982 ΙΙ
1019 2941 1180 2983 eropes
1210 2929 1291 2982 M,
1341 2941 1533 2983 europes
1579 2930 1640 2972 N
1677 2929 1724 2976 V
1804 2930 1834 2973 9
1862 2889 2013 2973 atrilide
2056 2929 2126 2973 Μ
2174 2930 2188 2984 ΙΙ
2237 2928 2356 2973 iouis
2397 2928 2465 2972 M

378 2996 544 3050 Burm,
589 2998 687 3042 ioui
728 3000 787 3042 N
814 3000 860 3046 V
883 3000 1020 3056 vulgo
1051 2999 1159 3043 olim
1212 3000 1225 3054 ΙΙ
1277 2998 1485 3043 arborem
1516 3000 1575 3043 N
1704 3000 1763 3044 10
1790 2999 1899 3044 hare
1928 3001 1987 3044 N
2106 3001 2159 3044 11
2190 3012 2297 3044 nou.
2328 2998 2467 3053 etiam

378 3068 514 3123 vulyo
629 3069 686 3112 12
714 3069 811 3125 ipse
841 3083 1087 3114 conversus
1115 3071 1247 3126 vulyo
1273 3071 1289 3125 ΙΙ
1327 3083 1597 3114 conuersum
1627 3071 1687 3114 N
1709 3075 1722 3124 l}
1749 3083 1942 3126 quorum
1972 3071 2019 3116 V
2042 3071 2175 3127 vulgo
2216 3071 2231 3126 ΙΙ
2279 3068 2468 3115 Calchas

377 3138 427 3192 V,
463 3137 640 3182 chalcas
669 3140 752 3193 M,
783 3139 991 3185 chalchas
1021 3142 1080 3184 N
1126 3142 1140 3196 ΙΙ
1190 3140 1375 3185 testoris
1408 3141 1453 3184 O
1483 3141 1530 3187 V
1637 3142 1695 3187 13
1723 3141 1903 3186 Troade
1932 3141 2188 3186 Raenerius
2300 3142 2358 3185 14
2387 3153 2467 3185 eos

377 3208 462 3253 llio
492 3209 668 3265 scripsi,
699 3211 786 3255 Ilio
817 3224 897 3256 eos
927 3212 980 3265 V,
1012 3225 1092 3256 eos
1121 3212 1218 3264 ili(o
1248 3226 1305 3256 ex
1334 3225 1364 3255 u
1394 3212 1414 3255 i
1438 3225 1465 3255 r
1493 3226 1539 3255 m
1559 3211 1604 3265 2)
1632 3213 1712 3266 M,
1759 3225 1839 3257 eos
1867 3212 1994 3256 ilium
2023 3213 2090 3269 N,
2136 3215 2232 3266 (eos
2261 3214 2350 3264 om)
2377 3210 2466 3255 Ilio

378 3322 511 3378 milyo
562 3324 576 3378 11
627 3323 836 3368 Boeotiae
865 3328 942 3376 (ex
970 3324 1047 3373 sil)
1077 3326 1144 3379 N,
1174 3324 1329 3369 boetiae
1359 3325 1431 3369 M
1455 3325 1503 3371 V
1639 3326 1696 3369 15
1723 3338 1865 3369 naues
1908 3326 1968 3368 N
1992 3326 2046 3378 V,
2082 3284 2193 3369 320⁵
2223 3325 2291 3368 M
2337 3325 2353 3378 Ι
2387 3322 2467 3368 ad-

378 3405 502 3446 uers3
532 3398 826 3449 tempestates
855 3396 915 3438 N
960 3395 976 3449 ΙΙ
1014 3396 1284 3440 mirantibus
1314 3396 1374 3439 N
1503 3395 1560 3440 16
1589 3396 1889 3451 respondetur
1917 3409 1946 3440 a
1976 3394 2221 3440 Calchante
2249 3395 2296 3441 V
2317 3393 2466 3450 vulyo,

380 3477 682 3531 respondente
704 3482 723 3528 l
744 3482 788 3530 (a
816 3479 926 3534 fuit)
957 3480 1040 3535 M,
1071 3472 1356 3536 respondent
1384 3482 1404 3525 i
1431 3483 1472 3533 r)
1503 3493 1530 3524 a
1550 3481 1610 3524 N
1644 3482 1659 3533 ll
1710 3479 1973 3525 chalchante
2007 3479 2054 3522 0
2094 3482 2110 3536 ΙΙ
2147 3482 2254 3524 ante
2282 3491 2467 3535 respon-

381 3545 516 3590 dente
530 3548 582 3591 in
601 3548 646 3591 Ο
666 3549 762 3604 fort
778 3550 941 3594 lacuna
960 3552 1206 3595 statuenda
1232 3555 1247 3605 ΙΙ
1276 3565 1370 3596 non
1386 3557 1504 3597 ante.
1523 3551 1573 3596 cl.
1594 3564 1730 3608 posse
1750 3565 1823 3595 om
1838 3552 1897 3595 N
1978 3552 2093 3606 lsssq
2121 3548 2405 3607 Iphigeniam
2426 3546 2474 3592 V

381 3616 527 3702 υᾳοῖρο,
558 3617 822 3674 effigeniam
851 3621 933 3676 M,
964 3621 1252 3677 ephigeniam
1283 3623 1344 3666 N
1466 3625 1519 3667 17
1552 3635 1602 3667 re
1631 3636 1704 3666 om
1732 3623 1792 3666 N
1837 3623 1851 3678 ΙΙ
1901 3621 2057 3666 haram
2087 3622 2147 3666 N
2270 3619 2328 3664 18
2355 3618 2466 3674 apli-

416 3695 450 3718 1-

381 3734 481 3772 cata
509 3730 589 3782 M,
620 3731 811 3786 aplicata
842 3734 900 3776 N
945 3735 959 3789 ΙΙ
1010 3734 1038 3778 i.
1070 3735 1340 3779 sacrificium
1375 3736 1421 3780 Ο
1451 3737 1503 3789 V,
1534 3737 1562 3780 i.
1595 3736 1940 3782 sacrificandum
1970 3734 2102 3790 vulyo
