2580 4088
0 917 8 993 ἰ
1054 869 1268 923 LIBER
1304 869 1347 923 I.

282 1038 311 1091 I
344 1037 513 1093 Chaos
549 1039 604 1106 in
642 1038 855 1107 speeies

255 1123 310 1176 ΙΙ
345 1123 502 1176 Terra
535 1123 591 1176 in
628 1123 796 1177 varias
834 1139 1094 1192 personae.

230 1208 313 1261 111
348 1208 578 1261 Mundus
625 1208 680 1260 in
725 1209 934 1262 saecula
976 1211 1234 1277 quattuor,
1284 1224 1526 1273 aureum,
1569 1211 1898 1277 argenteum,
1936 1226 2146 1265 aereum
2184 1213 2236 1265 et

349 1293 589 1347 ferreum.

86 1390 112 1430 5
201 1377 312 1430 ΙΠΙ
351 1377 488 1431 Item
524 1393 692 1431 annus
728 1379 784 1430 in
820 1379 1055 1446 tempora
1091 1379 1350 1445 quattuor.

271 1462 319 1514 V
358 1461 644 1530 Gigantum
680 1463 892 1530 sanguis
928 1465 984 1515 in
1019 1462 1268 1515 homines

237 1547 313 1600 VI
348 1547 572 1616 Lycaon,
606 1547 815 1614 Pelasgi
837 1538 1002 1611 filius,
1039 1548 1094 1599 in
1130 1547 1327 1615 lupum.

215 1632 317 1686 VH
351 1636 399 1686 A
434 1632 748 1686 Deucalione
783 1632 963 1685 iactati
997 1630 1196 1699 lapides
1232 1632 1288 1683 in
1324 1632 1458 1684 viros
1497 1634 1549 1685 et
1588 1647 1619 1684 a
1647 1631 1845 1699 Pyrrha
1882 1633 1938 1684 in
1974 1633 2232 1686 mulieres

183 1717 315 1770 VIII
350 1717 557 1786 Python
594 1731 804 1785 serpens
840 1716 896 1768 in
931 1716 1139 1784 figuras

65 1813 113 1855 ιο
148 1802 309 1856 VIIH
345 1802 577 1870 Daphne,
613 1801 772 1854 Penei
806 1800 928 1868 filia,
964 1801 1020 1853 in
1055 1801 1276 1854 laurum.

262 1888 316 1940 X
351 1887 423 1952 Io,
458 1886 640 1940 Inachi
674 1886 794 1948 filia,
830 1886 887 1938 in
921 1900 1146 1940 vaoeam.

237 1972 314 2025 XI
348 1971 638 2025 Mercurius
673 1971 729 2023 in
763 1973 1038 2039 pastorem.

213 2057 319 2111 XII
355 2056 578 2125 Syringa
611 2055 844 2124 nympha
876 2055 931 2109 in
968 2055 1213 2110 fistulam.

184 2141 321 2195 XIII
355 2144 543 2209 ArguS,
579 2140 839 2194 Arestoris
875 2140 1029 2208 filius,
1065 2141 1120 2193 in
1156 2156 1423 2209 pavonem.

62 2236 111 2278 15
190 2226 317 2282 XIV
351 2225 411 2280 Io
447 2226 745 2295 supradicta
779 2226 835 2278 in
871 2225 1080 2279 Isidem.

290 2326 474 2390 Chaos,
508 2327 569 2379 ut
603 2324 863 2379 Hesiodus
887 2325 1085 2378 indicat
1108 2325 1383 2390 volumine,
1420 2326 1557 2394 quod
1583 2326 1796 2379 deorum
1832 2325 2084 2392 originem
2110 2339 2232 2377 eon·
2274 2338 2357 2387 fab
2379 2336 2404 2377 1

144 2411 298 2476 tinet,
343 2409 444 2464 fuit
488 2410 637 2464 initio
672 2425 849 2464 rerum
885 2410 1142 2479 confusio,
1190 2425 1322 2478 quae
1358 2412 1539 2479 postea
1573 2411 1629 2463 in
1665 2426 1788 2464 suas
1825 2410 2022 2479 speeies
2061 2409 2232 2462 distri·

145 2496 273 2550 buta
309 2497 390 2549 est
424 2495 523 2561 ita,
577 2497 638 2549 ut
671 2494 938 2549 levissima
973 2511 1258 2564 corporum,
1295 2495 1473 2549 aether
1506 2496 1691 2564 igneus
1728 2497 1782 2549 et
1816 2495 1957 2548 huno
1981 2493 2117 2547 infra
2144 2509 2232 2547 aer

145 2580 364 2650 frigidus
396 2582 670 2648 ceteraque
703 2580 872 2633 sidera
902 2580 1182 2634 sublimem
1204 2582 1407 2649 partem
1431 2582 1666 2650 peterent
1688 2581 1943 2647 universa,
1981 2595 2073 2649 per
2099 2595 2230 2647 quae

8 2651 109 2749 §⁸20
145 2666 268 2720 solis
305 2665 547 2735 splendor
571 2680 633 2718 ae
657 2665 812 2718 lunae
836 2666 1123 2732 vagaretur,
1159 2666 1464 2733 gravissima
1500 2667 1693 2731 autem,
1731 2666 1923 2719 humus
1948 2665 2231 2733 liquorque,

285 2833 338 2878 P.
369 2832 565 2879 OUIDII
600 2829 862 2876 NASONIS
900 2831 1429 2878 METAMORFOSEOS
1466 2833 1651 2878 LIBER
1678 2834 1714 2878 I.
1757 2832 1882 2878 CVM
1913 2833 2041 2878 SVIS
2071 2832 2226 2876 NAR-

144 2903 522 2952 RATIONIBVS
553 2893 718 2947 INGIP
746 2902 885 2947 rubro
920 2902 1001 2957 M,
1046 2902 1255 2948 Narratio
1286 2903 1430 2961 ouidii
1458 2903 1646 2949 nasonis
1674 2903 2026 2961 metaphorseon
2054 2903 2149 2956 (sic)
2179 2903 2225 2946 in

144 2978 271 3023 libris
302 2974 558 3033 quindecim
592 2974 653 3018 N
761 2973 790 3017 2
817 2972 956 3018 Terra
985 2973 1032 3017 in
1061 2972 1268 3019 homines
1295 2975 1356 3018 N
1472 2975 1503 3020 3
1530 2974 1727 3020 Mundus
1755 2975 1805 3019 in
1832 2974 1985 3020 secula
2014 2983 2230 3031 quattuor

144 3051 303 3104 (cetera
332 3050 420 3099 om)
451 3046 512 3090 N
626 3045 656 3089 ὖ
684 3043 881 3088 Mundus
908 3044 957 3087 in
986 3049 1193 3100 tempora
1221 3051 1438 3102 quattuor
1464 3046 1520 3090 N
1658 3047 1683 3090 7
1712 3045 1888 3102 pelasgi
1916 3045 2043 3090 filius
2072 3058 2145 3090 om
2174 3045 2233 3088 N

2101 3115 2224 3159 ringa‘2

0 3157 13 3202 ἓ
144 3162 174 3207 8
201 3160 309 3206 iacti
329 3160 382 3204 N
432 3159 448 3214 ΙΙ
499 3156 813 3203 et—mulieres
833 3170 907 3200 om
927 3156 988 3199 N
1094 3156 1124 3200 9
1150 3155 1313 3212 pithon
1330 3158 1403 3202 M
1518 3161 1575 3204 11
1598 3159 1782 3204 baoeam
1803 3159 1864 3203 N
1972 3158 2029 3204 13
2057 3158 2228 3215 Syrena

144 3233 206 3277 N
234 3233 250 3287 ss
286 3228 486 3286 nympha
515 3242 588 3273 om
618 3228 679 3271 N
843 3227 901 3271 15
928 3226 1048 3271 hunc
1083 3227 1272 3271 titulum
1307 3242 1380 3272 om
1409 3230 1470 3273 N
1513 3230 1528 3285 ΙΙ
1579 3230 1853 3286 supradiolta
1883 3233 1928 3282 (a
1954 3230 2073 3284 eras)
2104 3230 2168 3273 M
2213 3231 2228 3282 ¹!

144 3302 327 3354 Isidem]
359 3301 491 3346 deam
520 3298 614 3343 add
642 3299 696 3343 N
742 3299 758 3354 ΙΙ
806 3297 1075 3341 NARRAT
1103 3299 1123 3342 i
1151 3312 1227 3355 my
1257 3300 1394 3345 rubro
1424 3301 1557 3345 adeor
1584 3301 1657 3345 M

284 3372 460 3417 Titulos
504 3370 616 3414 libro
652 3367 689 3412 I
718 3367 1006 3424 praepositos
1050 3382 1191 3424 neque
1234 3384 1424 3415 numero
1467 3385 1609 3427 neque
1648 3371 1784 3416 titulo
1824 3370 1982 3414 addito
2019 3369 2225 3425 sequitur

142 3445 222 3501 fab
241 3443 277 3488 I
290 3443 362 3488 M
431 3441 489 3487 16
517 3439 762 3494 Hesiodus]
785 3439 994 3495 Theoyon
1016 3438 1160 3495 116sq
1181 3441 1195 3496 ΙΙ
1217 3441 1264 3485 in
1283 3441 1375 3486 uol.
1396 3442 1482 3485 edd
1500 3445 1595 3487 vett
1629 3443 1643 3498 ΙΙ
1682 3441 1871 3486 Hesiodi
1893 3441 1987 3485 ind.
2008 3440 2222 3485 uolumen

143 3515 254 3561 PV
417 3514 471 3557 17
501 3512 548 3555 in
577 3510 710 3555 initio
740 3509 894 3554 Burm
943 3510 958 3565 ΙΙ
1010 3510 1232 3566 quaedam
1261 3525 1408 3557 rerum
1439 3512 1544 3556 PV
1566 3512 1791 3557 Mum-ker
1932 3511 1989 3556 18
2018 3510 2137 3555 hunc
2157 3512 2228 3555 M

143 3587 255 3642 19sq
285 3579 883 3633 sublimem—subsiderent]
927 3579 1033 3624 haec
1067 3580 1372 3637 foraminibus
1408 3584 1695 3627 membranae
1733 3583 1945 3627 lacunosa
1981 3582 2043 3626 N
2072 3582 2087 3637 ΙΙ
2124 3581 2222 3626 uni-

143 3667 365 3712 uersaque
395 3688 406 3698 .
438 3687 449 3698 .
482 3653 734 3706 (lacuname
764 3651 824 3694 N
939 3649 998 3694 20
1026 3658 1177 3697 autem
1208 3666 1282 3697 om
1312 3654 1363 3697 N
